[
  {
    "draw_num": "23144",
    "draw_date": "2023-12-16",
    "front_numbers": [
      5,
      14,
      18,
      25,
      35
    ],
    "back_numbers": [
      1,
      10
    ],
    "prize_pool": "1,134,916,198.28",
    "sales": "305,447,538",
    "first_prize_num": "5",
    "first_prize_amount": "10,000,000"
  },
  {
    "draw_num": "23143",
    "draw_date": "2023-12-13",
    "front_numbers": [
      9,
      20,
      23,
      29,
      33
    ],
    "back_numbers": [
      2,
      10
    ],
    "prize_pool": "1,127,826,661.86",
    "sales": "290,282,263",
    "first_prize_num": "1",
    "first_prize_amount": "10,000,000"
  },
  {
    "draw_num": "23142",
    "draw_date": "2023-12-11",
    "front_numbers": [
      4,
      13,
      15,
      17,
      32
    ],
    "back_numbers": [
      10,
      12
    ],
    "prize_pool": "1,083,472,752.94",
    "sales": "294,429,085",
    "first_prize_num": "5",
    "first_prize_amount": "10,000,000"
  },
  {
    "draw_num": "23141",
    "draw_date": "2023-12-09",
    "front_numbers": [
      4,
      22,
      25,
      30,
      31
    ],
    "back_numbers": [
      4,
      5
    ],
    "prize_pool": "1,062,646,770.45",
    "sales": "326,977,354",
    "first_prize_num": "5",
    "first_prize_amount": "10,000,000"
  },
  {
    "draw_num": "23140",
    "draw_date": "2023-12-06",
    "front_numbers": [
      1,
      2,
      9,
      19,
      30
    ],
    "back_numbers": [
      1,
      2
    ],
    "prize_pool": "1,043,730,971.65",
    "sales": "311,212,097",
    "first_prize_num": "6",
    "first_prize_amount": "10,000,000"
  },
  {
    "draw_num": "23139",
    "draw_date": "2023-12-04",
    "front_numbers": [
      15,
      16,
      25,
      31,
      34
    ],
    "back_numbers": [
      5,
      9
    ],
    "prize_pool": "1,053,823,169.28",
    "sales": "306,026,254",
    "first_prize_num": "5",
    "first_prize_amount": "10,000,000"
  },
  {
    "draw_num": "23138",
    "draw_date": "2023-12-02",
    "front_numbers": [
      7,
      12,
      20,
      28,
      31
    ],
    "back_numbers": [
      9,
      10
    ],
    "prize_pool": "1,063,005,169.90",
    "sales": "330,230,586",
    "first_prize_num": "2",
    "first_prize_amount": "10,000,000"
  },
  {
    "draw_num": "23137",
    "draw_date": "2023-11-29",
    "front_numbers": [
      4,
      19,
      21,
      30,
      31
    ],
    "back_numbers": [
      6,
      12
    ],
    "prize_pool": "1,023,516,740.73",
    "sales": "314,969,674",
    "first_prize_num": "5",
    "first_prize_amount": "10,000,000"
  },
  {
    "draw_num": "23136",
    "draw_date": "2023-11-27",
    "front_numbers": [
      13,
      23,
      27,
      30,
      34
    ],
    "back_numbers": [
      6,
      9
    ],
    "prize_pool": "1,020,724,605.43",
    "sales": "324,906,521",
    "first_prize_num": "4",
    "first_prize_amount": "10,000,000"
  },
  {
    "draw_num": "23135",
    "draw_date": "2023-11-25",
    "front_numbers": [
      5,
      18,
      22,
      28,
      29
    ],
    "back_numbers": [
      9,
      12
    ],
    "prize_pool": "1,004,596,055",
    "sales": "342,060,398",
    "first_prize_num": "15",
    "first_prize_amount": "6,929,543"
  },
  {
    "draw_num": "23134",
    "draw_date": "2023-11-22",
    "front_numbers": [
      10,
      15,
      22,
      27,
      33
    ],
    "back_numbers": [
      1,
      12
    ],
    "prize_pool": "1,094,743,540.59",
    "sales": "326,277,594",
    "first_prize_num": "5",
    "first_prize_amount": "10,000,000"
  },
  {
    "draw_num": "23133",
    "draw_date": "2023-11-20",
    "front_numbers": [
      10,
      18,
      25,
      28,
      33
    ],
    "back_numbers": [
      5,
      11
    ],
    "prize_pool": "1,062,683,066.46",
    "sales": "316,833,724",
    "first_prize_num": "6",
    "first_prize_amount": "8,695,944"
  },
  {
    "draw_num": "23132",
    "draw_date": "2023-11-18",
    "front_numbers": [
      3,
      4,
      12,
      15,
      23
    ],
    "back_numbers": [
      2,
      6
    ],
    "prize_pool": "1,084,953,128.53",
    "sales": "335,031,221",
    "first_prize_num": "4",
    "first_prize_amount": "10,000,000"
  },
  {
    "draw_num": "23131",
    "draw_date": "2023-11-15",
    "front_numbers": [
      3,
      7,
      21,
      22,
      24
    ],
    "back_numbers": [
      6,
      7
    ],
    "prize_pool": "1,049,374,830.96",
    "sales": "311,865,692",
    "first_prize_num": "2",
    "first_prize_amount": "10,000,000"
  },
  {
    "draw_num": "23130",
    "draw_date": "2023-11-13",
    "front_numbers": [
      13,
      20,
      27,
      29,
      30
    ],
    "back_numbers": [
      1,
      7
    ],
    "prize_pool": "1,023,653,096.28",
    "sales": "307,985,223",
    "first_prize_num": "3",
    "first_prize_amount": "10,000,000"
  },
  {
    "draw_num": "23129",
    "draw_date": "2023-11-11",
    "front_numbers": [
      9,
      23,
      25,
      27,
      33
    ],
    "back_numbers": [
      6,
      12
    ],
    "prize_pool": "996,449,655.95",
    "sales": "330,972,531",
    "first_prize_num": "2",
    "first_prize_amount": "10,000,000"
  },
  {
    "draw_num": "23128",
    "draw_date": "2023-11-08",
    "front_numbers": [
      1,
      5,
      7,
      12,
      13
    ],
    "back_numbers": [
      2,
      6
    ],
    "prize_pool": "951,297,117.90",
    "sales": "304,299,864",
    "first_prize_num": "4",
    "first_prize_amount": "10,000,000"
  },
  {
    "draw_num": "23127",
    "draw_date": "2023-11-06",
    "front_numbers": [
      4,
      7,
      8,
      18,
      19
    ],
    "back_numbers": [
      2,
      6
    ],
    "prize_pool": "926,105,316.08",
    "sales": "301,104,265",
    "first_prize_num": "3",
    "first_prize_amount": "10,000,000"
  },
  {
    "draw_num": "23126",
    "draw_date": "2023-11-04",
    "front_numbers": [
      7,
      12,
      17,
      26,
      34
    ],
    "back_numbers": [
      2,
      6
    ],
    "prize_pool": "901,877,083.90",
    "sales": "333,657,269",
    "first_prize_num": "13",
    "first_prize_amount": "8,662,429"
  },
  {
    "draw_num": "23125",
    "draw_date": "2023-11-01",
    "front_numbers": [
      7,
      25,
      26,
      29,
      32
    ],
    "back_numbers": [
      2,
      8
    ],
    "prize_pool": "942,573,826.59",
    "sales": "317,245,687",
    "first_prize_num": "1",
    "first_prize_amount": "10,000,000"
  },
  {
    "draw_num": "23124",
    "draw_date": "2023-10-30",
    "front_numbers": [
      6,
      18,
      23,
      27,
      32
    ],
    "back_numbers": [
      6,
      10
    ],
    "prize_pool": "891,019,556.12",
    "sales": "308,575,993",
    "first_prize_num": "2",
    "first_prize_amount": "10,000,000"
  },
  {
    "draw_num": "23123",
    "draw_date": "2023-10-28",
    "front_numbers": [
      2,
      14,
      16,
      28,
      30
    ],
    "back_numbers": [
      2,
      7
    ],
    "prize_pool": "865,257,536",
    "sales": "325,381,412",
    "first_prize_num": "4",
    "first_prize_amount": "10,000,000"
  },
  {
    "draw_num": "23122",
    "draw_date": "2023-10-25",
    "front_numbers": [
      1,
      7,
      9,
      25,
      29
    ],
    "back_numbers": [
      10,
      12
    ],
    "prize_pool": "852,345,166.13",
    "sales": "302,656,130",
    "first_prize_num": "3",
    "first_prize_amount": "10,000,000"
  },
  {
    "draw_num": "23121",
    "draw_date": "2023-10-23",
    "front_numbers": [
      5,
      11,
      15,
      23,
      33
    ],
    "back_numbers": [
      1,
      9
    ],
    "prize_pool": "828,549,499.24",
    "sales": "305,281,727",
    "first_prize_num": "12",
    "first_prize_amount": "8,513,200"
  },
  {
    "draw_num": "23120",
    "draw_date": "2023-10-21",
    "front_numbers": [
      2,
      8,
      16,
      31,
      34
    ],
    "back_numbers": [
      1,
      10
    ],
    "prize_pool": "864,940,794.90",
    "sales": "318,242,674",
    "first_prize_num": "2",
    "first_prize_amount": "10,000,000"
  },
  {
    "draw_num": "23119",
    "draw_date": "2023-10-18",
    "front_numbers": [
      4,
      8,
      10,
      14,
      21
    ],
    "back_numbers": [
      4,
      10
    ],
    "prize_pool": "812,121,301.40",
    "sales": "302,972,888",
    "first_prize_num": "4",
    "first_prize_amount": "10,000,000"
  },
  {
    "draw_num": "23118",
    "draw_date": "2023-10-16",
    "front_numbers": [
      6,
      7,
      13,
      25,
      33
    ],
    "back_numbers": [
      5,
      8
    ],
    "prize_pool": "800,852,860.91",
    "sales": "298,333,764",
    "first_prize_num": "8",
    "first_prize_amount": "7,792,198"
  },
  {
    "draw_num": "23117",
    "draw_date": "2023-10-14",
    "front_numbers": [
      5,
      7,
      15,
      18,
      20
    ],
    "back_numbers": [
      3,
      4
    ],
    "prize_pool": "833,842,003.69",
    "sales": "323,243,808",
    "first_prize_num": "5",
    "first_prize_amount": "10,000,000"
  },
  {
    "draw_num": "23116",
    "draw_date": "2023-10-11",
    "front_numbers": [
      1,
      3,
      9,
      18,
      29
    ],
    "back_numbers": [
      4,
      9
    ],
    "prize_pool": "814,561,509.87",
    "sales": "300,369,085",
    "first_prize_num": "7",
    "first_prize_amount": "8,003,202"
  },
  {
    "draw_num": "23115",
    "draw_date": "2023-10-09",
    "front_numbers": [
      7,
      10,
      23,
      31,
      34
    ],
    "back_numbers": [
      2,
      10
    ],
    "prize_pool": "840,443,520.61",
    "sales": "292,932,368",
    "first_prize_num": "9",
    "first_prize_amount": "7,616,663"
  },
  {
    "draw_num": "23114",
    "draw_date": "2023-10-07",
    "front_numbers": [
      2,
      25,
      27,
      30,
      35
    ],
    "back_numbers": [
      1,
      10
    ],
    "prize_pool": "877,911,007.72",
    "sales": "324,479,019",
    "first_prize_num": "3",
    "first_prize_amount": "10,000,000"
  },
  {
    "draw_num": "23113",
    "draw_date": "2023-09-30",
    "front_numbers": [
      6,
      8,
      30,
      32,
      33
    ],
    "back_numbers": [
      3,
      10
    ],
    "prize_pool": "824,494,855.96",
    "sales": "299,774,264",
    "first_prize_num": "6",
    "first_prize_amount": "9,413,555"
  },
  {
    "draw_num": "23112",
    "draw_date": "2023-09-27",
    "front_numbers": [
      1,
      11,
      17,
      22,
      27
    ],
    "back_numbers": [
      2,
      9
    ],
    "prize_pool": "843,710,764.94",
    "sales": "294,348,984",
    "first_prize_num": "4",
    "first_prize_amount": "10,000,000"
  },
  {
    "draw_num": "23111",
    "draw_date": "2023-09-25",
    "front_numbers": [
      3,
      12,
      15,
      28,
      35
    ],
    "back_numbers": [
      2,
      12
    ],
    "prize_pool": "826,081,056.26",
    "sales": "294,847,714",
    "first_prize_num": "3",
    "first_prize_amount": "9,178,567"
  },
  {
    "draw_num": "23110",
    "draw_date": "2023-09-23",
    "front_numbers": [
      4,
      9,
      11,
      13,
      17
    ],
    "back_numbers": [
      7,
      8
    ],
    "prize_pool": "799,033,238.14",
    "sales": "316,886,671",
    "first_prize_num": "3",
    "first_prize_amount": "10,000,000"
  },
  {
    "draw_num": "23109",
    "draw_date": "2023-09-20",
    "front_numbers": [
      1,
      12,
      21,
      22,
      31
    ],
    "back_numbers": [
      2,
      9
    ],
    "prize_pool": "769,146,800.78",
    "sales": "300,583,964",
    "first_prize_num": "2",
    "first_prize_amount": "9,999,751"
  },
  {
    "draw_num": "23108",
    "draw_date": "2023-09-18",
    "front_numbers": [
      5,
      6,
      17,
      30,
      32
    ],
    "back_numbers": [
      2,
      8
    ],
    "prize_pool": "734,949,392.01",
    "sales": "301,547,351",
    "first_prize_num": "5",
    "first_prize_amount": "7,050,476"
  },
  {
    "draw_num": "23107",
    "draw_date": "2023-09-16",
    "front_numbers": [
      1,
      12,
      15,
      16,
      18
    ],
    "back_numbers": [
      3,
      10
    ],
    "prize_pool": "728,703,279.06",
    "sales": "324,896,606",
    "first_prize_num": "1",
    "first_prize_amount": "10,000,000"
  },
  {
    "draw_num": "23106",
    "draw_date": "2023-09-13",
    "front_numbers": [
      16,
      24,
      26,
      28,
      31
    ],
    "back_numbers": [
      1,
      6
    ],
    "prize_pool": "663,727,793.85",
    "sales": "300,068,817",
    "first_prize_num": "0",
    "first_prize_amount": "---"
  },
  {
    "draw_num": "23105",
    "draw_date": "2023-09-11",
    "front_numbers": [
      7,
      8,
      19,
      20,
      25
    ],
    "back_numbers": [
      2,
      11
    ],
    "prize_pool": "594,852,806.89",
    "sales": "294,104,641",
    "first_prize_num": "26",
    "first_prize_amount": "5,322,339"
  },
  {
    "draw_num": "23104",
    "draw_date": "2023-09-09",
    "front_numbers": [
      6,
      15,
      16,
      32,
      33
    ],
    "back_numbers": [
      8,
      10
    ],
    "prize_pool": "772,096,221.92",
    "sales": "315,933,686",
    "first_prize_num": "22",
    "first_prize_amount": "6,310,674"
  },
  {
    "draw_num": "23103",
    "draw_date": "2023-09-06",
    "front_numbers": [
      8,
      11,
      19,
      31,
      32
    ],
    "back_numbers": [
      8,
      11
    ],
    "prize_pool": "920,553,792.80",
    "sales": "294,563,981",
    "first_prize_num": "6",
    "first_prize_amount": "8,485,103"
  },
  {
    "draw_num": "23102",
    "draw_date": "2023-09-04",
    "front_numbers": [
      2,
      4,
      7,
      16,
      33
    ],
    "back_numbers": [
      7,
      11
    ],
    "prize_pool": "943,721,191.61",
    "sales": "295,396,987",
    "first_prize_num": "2",
    "first_prize_amount": "10,000,000"
  },
  {
    "draw_num": "23101",
    "draw_date": "2023-09-02",
    "front_numbers": [
      6,
      14,
      16,
      17,
      28
    ],
    "back_numbers": [
      7,
      10
    ],
    "prize_pool": "893,838,613.68",
    "sales": "315,967,170",
    "first_prize_num": "4",
    "first_prize_amount": "10,000,000"
  },
  {
    "draw_num": "23100",
    "draw_date": "2023-08-30",
    "front_numbers": [
      4,
      6,
      13,
      19,
      35
    ],
    "back_numbers": [
      9,
      11
    ],
    "prize_pool": "888,328,938.21",
    "sales": "286,977,321",
    "first_prize_num": "1",
    "first_prize_amount": "10,000,000"
  },
  {
    "draw_num": "23099",
    "draw_date": "2023-08-28",
    "front_numbers": [
      9,
      11,
      13,
      22,
      23
    ],
    "back_numbers": [
      6,
      7
    ],
    "prize_pool": "830,398,089.02",
    "sales": "282,172,880",
    "first_prize_num": "17",
    "first_prize_amount": "6,065,668"
  },
  {
    "draw_num": "23098",
    "draw_date": "2023-08-26",
    "front_numbers": [
      2,
      7,
      15,
      30,
      34
    ],
    "back_numbers": [
      5,
      9
    ],
    "prize_pool": "933,433,567.48",
    "sales": "304,752,327",
    "first_prize_num": "6",
    "first_prize_amount": "9,391,734"
  },
  {
    "draw_num": "23097",
    "draw_date": "2023-08-23",
    "front_numbers": [
      6,
      7,
      18,
      20,
      22
    ],
    "back_numbers": [
      3,
      9
    ],
    "prize_pool": "958,839,854.22",
    "sales": "283,734,165",
    "first_prize_num": "6",
    "first_prize_amount": "10,000,000"
  },
  {
    "draw_num": "23096",
    "draw_date": "2023-08-21",
    "front_numbers": [
      6,
      7,
      14,
      21,
      31
    ],
    "back_numbers": [
      3,
      10
    ],
    "prize_pool": "966,376,074.66",
    "sales": "282,075,812",
    "first_prize_num": "1",
    "first_prize_amount": "10,000,000"
  },
  {
    "draw_num": "23095",
    "draw_date": "2023-08-19",
    "front_numbers": [
      8,
      19,
      28,
      32,
      34
    ],
    "back_numbers": [
      3,
      7
    ],
    "prize_pool": "915,556,976.41",
    "sales": "307,851,614",
    "first_prize_num": "1",
    "first_prize_amount": "10,000,000"
  },
  {
    "draw_num": "23094",
    "draw_date": "2023-08-16",
    "front_numbers": [
      12,
      19,
      22,
      28,
      32
    ],
    "back_numbers": [
      8,
      12
    ],
    "prize_pool": "867,355,969.44",
    "sales": "285,551,526",
    "first_prize_num": "1",
    "first_prize_amount": "10,000,000"
  },
  {
    "draw_num": "23093",
    "draw_date": "2023-08-14",
    "front_numbers": [
      11,
      14,
      17,
      19,
      21
    ],
    "back_numbers": [
      1,
      5
    ],
    "prize_pool": "816,338,505.60",
    "sales": "286,169,239",
    "first_prize_num": "4",
    "first_prize_amount": "7,978,094"
  },
  {
    "draw_num": "23092",
    "draw_date": "2023-08-12",
    "front_numbers": [
      3,
      16,
      21,
      26,
      32
    ],
    "back_numbers": [
      3,
      12
    ],
    "prize_pool": "795,974,256.08",
    "sales": "306,558,540",
    "first_prize_num": "3",
    "first_prize_amount": "10,000,000"
  },
  {
    "draw_num": "23091",
    "draw_date": "2023-08-09",
    "front_numbers": [
      6,
      16,
      18,
      28,
      29
    ],
    "back_numbers": [
      7,
      11
    ],
    "prize_pool": "755,893,826.49",
    "sales": "289,311,919",
    "first_prize_num": "7",
    "first_prize_amount": "6,453,360"
  },
  {
    "draw_num": "23090",
    "draw_date": "2023-08-07",
    "front_numbers": [
      8,
      11,
      12,
      19,
      35
    ],
    "back_numbers": [
      11,
      12
    ],
    "prize_pool": "762,647,025.01",
    "sales": "280,933,706",
    "first_prize_num": "28",
    "first_prize_amount": "5,993,406"
  },
  {
    "draw_num": "23089",
    "draw_date": "2023-08-05",
    "front_numbers": [
      3,
      12,
      20,
      26,
      35
    ],
    "back_numbers": [
      2,
      12
    ],
    "prize_pool": "904,845,173.55",
    "sales": "306,682,199",
    "first_prize_num": "4",
    "first_prize_amount": "10,000,000"
  },
  {
    "draw_num": "23088",
    "draw_date": "2023-08-02",
    "front_numbers": [
      8,
      14,
      16,
      22,
      24
    ],
    "back_numbers": [
      9,
      12
    ],
    "prize_pool": "871,592,817.09",
    "sales": "287,409,545",
    "first_prize_num": "7",
    "first_prize_amount": "9,324,634"
  },
  {
    "draw_num": "23087",
    "draw_date": "2023-07-31",
    "front_numbers": [
      3,
      4,
      16,
      19,
      24
    ],
    "back_numbers": [
      4,
      5
    ],
    "prize_pool": "895,827,940.12",
    "sales": "286,062,808",
    "first_prize_num": "2",
    "first_prize_amount": "10,000,000"
  },
  {
    "draw_num": "23086",
    "draw_date": "2023-07-29",
    "front_numbers": [
      3,
      11,
      15,
      20,
      35
    ],
    "back_numbers": [
      7,
      11
    ],
    "prize_pool": "864,979,868.30",
    "sales": "311,653,031",
    "first_prize_num": "6",
    "first_prize_amount": "10,000,000"
  },
  {
    "draw_num": "23085",
    "draw_date": "2023-07-26",
    "front_numbers": [
      11,
      12,
      26,
      31,
      35
    ],
    "back_numbers": [
      5,
      7
    ],
    "prize_pool": "862,163,414.85",
    "sales": "293,963,316",
    "first_prize_num": "0",
    "first_prize_amount": "---"
  },
  {
    "draw_num": "23084",
    "draw_date": "2023-07-24",
    "front_numbers": [
      3,
      5,
      8,
      24,
      32
    ],
    "back_numbers": [
      7,
      8
    ],
    "prize_pool": "809,598,278.97",
    "sales": "290,429,825",
    "first_prize_num": "3",
    "first_prize_amount": "8,187,716"
  },
  {
    "draw_num": "23083",
    "draw_date": "2023-07-22",
    "front_numbers": [
      13,
      15,
      21,
      25,
      32
    ],
    "back_numbers": [
      9,
      10
    ],
    "prize_pool": "790,074,141",
    "sales": "317,082,009",
    "first_prize_num": "8",
    "first_prize_amount": "8,765,209"
  },
  {
    "draw_num": "23082",
    "draw_date": "2023-07-19",
    "front_numbers": [
      2,
      8,
      9,
      15,
      20
    ],
    "back_numbers": [
      3,
      9
    ],
    "prize_pool": "827,085,116.17",
    "sales": "299,141,777",
    "first_prize_num": "5",
    "first_prize_amount": "9,527,865"
  },
  {
    "draw_num": "23081",
    "draw_date": "2023-07-17",
    "front_numbers": [
      5,
      6,
      23,
      28,
      35
    ],
    "back_numbers": [
      7,
      10
    ],
    "prize_pool": "841,378,608.77",
    "sales": "293,496,142",
    "first_prize_num": "13",
    "first_prize_amount": "7,201,205"
  },
  {
    "draw_num": "23080",
    "draw_date": "2023-07-15",
    "front_numbers": [
      1,
      2,
      9,
      16,
      30
    ],
    "back_numbers": [
      1,
      11
    ],
    "prize_pool": "899,395,409.69",
    "sales": "319,156,762",
    "first_prize_num": "2",
    "first_prize_amount": "10,000,000"
  },
  {
    "draw_num": "23079",
    "draw_date": "2023-07-12",
    "front_numbers": [
      6,
      8,
      26,
      29,
      34
    ],
    "back_numbers": [
      5,
      8
    ],
    "prize_pool": "860,725,831.35",
    "sales": "297,882,990",
    "first_prize_num": "5",
    "first_prize_amount": "10,000,000"
  },
  {
    "draw_num": "23078",
    "draw_date": "2023-07-10",
    "front_numbers": [
      2,
      3,
      6,
      26,
      27
    ],
    "back_numbers": [
      7,
      8
    ],
    "prize_pool": "846,788,540.97",
    "sales": "290,049,087",
    "first_prize_num": "8",
    "first_prize_amount": "8,140,301"
  },
  {
    "draw_num": "23077",
    "draw_date": "2023-07-08",
    "front_numbers": [
      5,
      16,
      18,
      26,
      35
    ],
    "back_numbers": [
      3,
      6
    ],
    "prize_pool": "880,499,424.63",
    "sales": "310,865,876",
    "first_prize_num": "13",
    "first_prize_amount": "7,106,555"
  },
  {
    "draw_num": "23076",
    "draw_date": "2023-07-05",
    "front_numbers": [
      8,
      9,
      11,
      26,
      34
    ],
    "back_numbers": [
      2,
      7
    ],
    "prize_pool": "948,501,277.04",
    "sales": "299,341,312",
    "first_prize_num": "3",
    "first_prize_amount": "10,000,000"
  },
  {
    "draw_num": "23075",
    "draw_date": "2023-07-03",
    "front_numbers": [
      7,
      17,
      20,
      23,
      32
    ],
    "back_numbers": [
      5,
      11
    ],
    "prize_pool": "917,148,171.29",
    "sales": "291,887,672",
    "first_prize_num": "9",
    "first_prize_amount": "7,321,734"
  },
  {
    "draw_num": "23074",
    "draw_date": "2023-07-01",
    "front_numbers": [
      3,
      13,
      22,
      29,
      34
    ],
    "back_numbers": [
      2,
      9
    ],
    "prize_pool": "959,326,220.29",
    "sales": "317,553,672",
    "first_prize_num": "4",
    "first_prize_amount": "10,000,000"
  },
  {
    "draw_num": "23073",
    "draw_date": "2023-06-28",
    "front_numbers": [
      15,
      25,
      28,
      30,
      35
    ],
    "back_numbers": [
      8,
      10
    ],
    "prize_pool": "940,619,193.45",
    "sales": "300,986,764",
    "first_prize_num": "4",
    "first_prize_amount": "10,000,000"
  },
  {
    "draw_num": "23072",
    "draw_date": "2023-06-26",
    "front_numbers": [
      5,
      6,
      9,
      11,
      14
    ],
    "back_numbers": [
      2,
      4
    ],
    "prize_pool": "932,426,488.55",
    "sales": "303,438,691",
    "first_prize_num": "3",
    "first_prize_amount": "10,000,000"
  },
  {
    "draw_num": "23071",
    "draw_date": "2023-06-24",
    "front_numbers": [
      2,
      11,
      12,
      32,
      34
    ],
    "back_numbers": [
      10,
      12
    ],
    "prize_pool": "901,185,515.05",
    "sales": "317,016,133",
    "first_prize_num": "4",
    "first_prize_amount": "10,000,000"
  },
  {
    "draw_num": "23070",
    "draw_date": "2023-06-21",
    "front_numbers": [
      10,
      26,
      29,
      32,
      33
    ],
    "back_numbers": [
      3,
      11
    ],
    "prize_pool": "896,500,867.52",
    "sales": "299,252,381",
    "first_prize_num": "7",
    "first_prize_amount": "10,000,000"
  },
  {
    "draw_num": "23069",
    "draw_date": "2023-06-19",
    "front_numbers": [
      8,
      20,
      21,
      25,
      32
    ],
    "back_numbers": [
      5,
      7
    ],
    "prize_pool": "908,523,228.30",
    "sales": "295,437,282",
    "first_prize_num": "2",
    "first_prize_amount": "10,000,000"
  },
  {
    "draw_num": "23068",
    "draw_date": "2023-06-17",
    "front_numbers": [
      21,
      22,
      24,
      27,
      31
    ],
    "back_numbers": [
      7,
      8
    ],
    "prize_pool": "874,858,098.72",
    "sales": "323,126,932",
    "first_prize_num": "7",
    "first_prize_amount": "10,000,000"
  },
  {
    "draw_num": "23067",
    "draw_date": "2023-06-14",
    "front_numbers": [
      2,
      28,
      30,
      33,
      35
    ],
    "back_numbers": [
      2,
      10
    ],
    "prize_pool": "877,298,736.71",
    "sales": "306,580,086",
    "first_prize_num": "2",
    "first_prize_amount": "10,000,000"
  },
  {
    "draw_num": "23066",
    "draw_date": "2023-06-12",
    "front_numbers": [
      6,
      11,
      13,
      30,
      32
    ],
    "back_numbers": [
      1,
      3
    ],
    "prize_pool": "846,071,268.24",
    "sales": "311,912,224",
    "first_prize_num": "3",
    "first_prize_amount": "10,000,000"
  },
  {
    "draw_num": "23065",
    "draw_date": "2023-06-10",
    "front_numbers": [
      8,
      14,
      16,
      21,
      25
    ],
    "back_numbers": [
      3,
      12
    ],
    "prize_pool": "807,401,652.03",
    "sales": "326,869,150",
    "first_prize_num": "1",
    "first_prize_amount": "10,000,000"
  },
  {
    "draw_num": "23064",
    "draw_date": "2023-06-07",
    "front_numbers": [
      2,
      6,
      9,
      31,
      32
    ],
    "back_numbers": [
      3,
      7
    ],
    "prize_pool": "747,516,040",
    "sales": "306,244,331",
    "first_prize_num": "8",
    "first_prize_amount": "6,313,601"
  },
  {
    "draw_num": "23063",
    "draw_date": "2023-06-05",
    "front_numbers": [
      4,
      18,
      29,
      31,
      34
    ],
    "back_numbers": [
      6,
      9
    ],
    "prize_pool": "758,945,368.33",
    "sales": "302,254,758",
    "first_prize_num": "6",
    "first_prize_amount": "6,757,853"
  },
  {
    "draw_num": "23062",
    "draw_date": "2023-06-03",
    "front_numbers": [
      6,
      8,
      22,
      24,
      30
    ],
    "back_numbers": [
      1,
      8
    ],
    "prize_pool": "758,202,286.81",
    "sales": "326,064,748",
    "first_prize_num": "6",
    "first_prize_amount": "7,027,511"
  },
  {
    "draw_num": "23061",
    "draw_date": "2023-05-31",
    "front_numbers": [
      7,
      11,
      21,
      30,
      32
    ],
    "back_numbers": [
      5,
      7
    ],
    "prize_pool": "750,108,293.03",
    "sales": "309,303,838",
    "first_prize_num": "1",
    "first_prize_amount": "10,000,000"
  },
  {
    "draw_num": "23060",
    "draw_date": "2023-05-29",
    "front_numbers": [
      2,
      7,
      19,
      24,
      30
    ],
    "back_numbers": [
      9,
      12
    ],
    "prize_pool": "688,684,878.15",
    "sales": "310,894,364",
    "first_prize_num": "20",
    "first_prize_amount": "5,803,660"
  },
  {
    "draw_num": "23059",
    "draw_date": "2023-05-27",
    "front_numbers": [
      9,
      13,
      23,
      25,
      28
    ],
    "back_numbers": [
      4,
      7
    ],
    "prize_pool": "812,443,525.01",
    "sales": "358,763,124",
    "first_prize_num": "9",
    "first_prize_amount": "7,257,198"
  },
  {
    "draw_num": "23058",
    "draw_date": "2023-05-24",
    "front_numbers": [
      19,
      22,
      29,
      32,
      35
    ],
    "back_numbers": [
      5,
      8
    ],
    "prize_pool": "872,966,224.60",
    "sales": "363,828,515",
    "first_prize_num": "8",
    "first_prize_amount": "9,329,207"
  },
  {
    "draw_num": "23057",
    "draw_date": "2023-05-22",
    "front_numbers": [
      1,
      5,
      6,
      19,
      24
    ],
    "back_numbers": [
      5,
      11
    ],
    "prize_pool": "903,873,949.54",
    "sales": "344,889,264",
    "first_prize_num": "8",
    "first_prize_amount": "10,000,000"
  },
  {
    "draw_num": "23056",
    "draw_date": "2023-05-20",
    "front_numbers": [
      13,
      22,
      24,
      33,
      34
    ],
    "back_numbers": [
      1,
      2
    ],
    "prize_pool": "920,035,696.74",
    "sales": "398,657,811",
    "first_prize_num": "3",
    "first_prize_amount": "10,000,000"
  },
  {
    "draw_num": "23055",
    "draw_date": "2023-05-17",
    "front_numbers": [
      6,
      8,
      12,
      13,
      15
    ],
    "back_numbers": [
      1,
      6
    ],
    "prize_pool": "856,791,468.88",
    "sales": "350,342,112",
    "first_prize_num": "5",
    "first_prize_amount": "10,000,000"
  },
  {
    "draw_num": "23054",
    "draw_date": "2023-05-15",
    "front_numbers": [
      19,
      25,
      30,
      31,
      34
    ],
    "back_numbers": [
      7,
      9
    ],
    "prize_pool": "874,577,473.87",
    "sales": "350,143,702",
    "first_prize_num": "6",
    "first_prize_amount": "10,000,000"
  },
  {
    "draw_num": "23053",
    "draw_date": "2023-05-13",
    "front_numbers": [
      1,
      3,
      11,
      14,
      20
    ],
    "back_numbers": [
      2,
      11
    ],
    "prize_pool": "892,267,763.87",
    "sales": "372,295,609",
    "first_prize_num": "3",
    "first_prize_amount": "10,000,000"
  },
  {
    "draw_num": "23052",
    "draw_date": "2023-05-10",
    "front_numbers": [
      2,
      8,
      11,
      30,
      33
    ],
    "back_numbers": [
      5,
      8
    ],
    "prize_pool": "854,240,159.11",
    "sales": "355,627,104",
    "first_prize_num": "5",
    "first_prize_amount": "10,000,000"
  },
  {
    "draw_num": "23051",
    "draw_date": "2023-05-08",
    "front_numbers": [
      3,
      11,
      19,
      29,
      33
    ],
    "back_numbers": [
      3,
      12
    ],
    "prize_pool": "859,364,126.46",
    "sales": "349,432,627",
    "first_prize_num": "21",
    "first_prize_amount": "6,007,213"
  },
  {
    "draw_num": "23050",
    "draw_date": "2023-05-06",
    "front_numbers": [
      8,
      9,
      14,
      25,
      29
    ],
    "back_numbers": [
      4,
      6
    ],
    "prize_pool": "1,005,750,816.44",
    "sales": "375,710,449",
    "first_prize_num": "5",
    "first_prize_amount": "10,000,000"
  },
  {
    "draw_num": "23049",
    "draw_date": "2023-05-03",
    "front_numbers": [
      3,
      17,
      22,
      26,
      28
    ],
    "back_numbers": [
      7,
      12
    ],
    "prize_pool": "997,411,126.33",
    "sales": "331,270,234",
    "first_prize_num": "4",
    "first_prize_amount": "10,000,000"
  },
  {
    "draw_num": "23048",
    "draw_date": "2023-05-01",
    "front_numbers": [
      7,
      13,
      16,
      25,
      32
    ],
    "back_numbers": [
      9,
      11
    ],
    "prize_pool": "994,472,934.30",
    "sales": "313,990,124",
    "first_prize_num": "2",
    "first_prize_amount": "10,000,000"
  },
  {
    "draw_num": "23047",
    "draw_date": "2023-04-29",
    "front_numbers": [
      10,
      12,
      13,
      24,
      25
    ],
    "back_numbers": [
      11,
      12
    ],
    "prize_pool": "952,628,083.51",
    "sales": "362,544,707",
    "first_prize_num": "6",
    "first_prize_amount": "10,000,000"
  },
  {
    "draw_num": "23046",
    "draw_date": "2023-04-26",
    "front_numbers": [
      13,
      21,
      25,
      28,
      32
    ],
    "back_numbers": [
      2,
      10
    ],
    "prize_pool": "948,200,742.09",
    "sales": "352,135,852",
    "first_prize_num": "0",
    "first_prize_amount": "---"
  },
  {
    "draw_num": "23045",
    "draw_date": "2023-04-24",
    "front_numbers": [
      7,
      10,
      13,
      28,
      31
    ],
    "back_numbers": [
      4,
      5
    ],
    "prize_pool": "855,642,317.06",
    "sales": "346,712,734",
    "first_prize_num": "6",
    "first_prize_amount": "10,000,000"
  }
]