[
  {
    "draw_num": "23044",
    "draw_date": "2023-04-22",
    "front_numbers": [
      2,
      6,
      7,
      8,
      15
    ],
    "back_numbers": [
      7,
      10
    ],
    "prize_pool": "868,495,061.73",
    "sales": "378,830,462",
    "first_prize_num": "5",
    "first_prize_amount": "10,000,000"
  },
  {
    "draw_num": "23043",
    "draw_date": "2023-04-19",
    "front_numbers": [
      2,
      4,
      17,
      20,
      27
    ],
    "back_numbers": [
      1,
      8
    ],
    "prize_pool": "853,496,451.85",
    "sales": "356,711,435",
    "first_prize_num": "4",
    "first_prize_amount": "10,000,000"
  },
  {
    "draw_num": "23042",
    "draw_date": "2023-04-17",
    "front_numbers": [
      2,
      16,
      21,
      23,
      27
    ],
    "back_numbers": [
      1,
      8
    ],
    "prize_pool": "828,299,303.69",
    "sales": "362,398,489",
    "first_prize_num": "4",
    "first_prize_amount": "8,825,763"
  },
  {
    "draw_num": "23041",
    "draw_date": "2023-04-15",
    "front_numbers": [
      5,
      8,
      13,
      26,
      35
    ],
    "back_numbers": [
      5,
      9
    ],
    "prize_pool": "794,168,912.22",
    "sales": "389,220,667",
    "first_prize_num": "10",
    "first_prize_amount": "9,113,936"
  },
  {
    "draw_num": "23040",
    "draw_date": "2023-04-12",
    "front_numbers": [
      4,
      5,
      18,
      22,
      30
    ],
    "back_numbers": [
      5,
      12
    ],
    "prize_pool": "827,601,739.51",
    "sales": "369,110,639",
    "first_prize_num": "10",
    "first_prize_amount": "8,838,815"
  },
  {
    "draw_num": "23039",
    "draw_date": "2023-04-10",
    "front_numbers": [
      2,
      24,
      26,
      30,
      34
    ],
    "back_numbers": [
      6,
      7
    ],
    "prize_pool": "869,785,636.84",
    "sales": "368,190,696",
    "first_prize_num": "2",
    "first_prize_amount": "10,000,000"
  },
  {
    "draw_num": "23038",
    "draw_date": "2023-04-08",
    "front_numbers": [
      4,
      10,
      18,
      27,
      32
    ],
    "back_numbers": [
      10,
      12
    ],
    "prize_pool": "806,289,674.33",
    "sales": "311,720,942",
    "first_prize_num": "2",
    "first_prize_amount": "10,000,000"
  },
  {
    "draw_num": "23037",
    "draw_date": "2023-04-05",
    "front_numbers": [
      6,
      8,
      16,
      20,
      24
    ],
    "back_numbers": [
      7,
      8
    ],
    "prize_pool": "768,030,435.90",
    "sales": "284,657,775",
    "first_prize_num": "5",
    "first_prize_amount": "7,815,329"
  },
  {
    "draw_num": "23036",
    "draw_date": "2023-04-03",
    "front_numbers": [
      1,
      13,
      22,
      26,
      31
    ],
    "back_numbers": [
      2,
      10
    ],
    "prize_pool": "752,208,151.04",
    "sales": "285,032,829",
    "first_prize_num": "10",
    "first_prize_amount": "5,516,938"
  },
  {
    "draw_num": "23035",
    "draw_date": "2023-04-01",
    "front_numbers": [
      7,
      14,
      23,
      25,
      29
    ],
    "back_numbers": [
      2,
      11
    ],
    "prize_pool": "790,017,644.64",
    "sales": "310,558,399",
    "first_prize_num": "6",
    "first_prize_amount": "9,979,848"
  },
  {
    "draw_num": "23034",
    "draw_date": "2023-03-29",
    "front_numbers": [
      7,
      9,
      10,
      15,
      24
    ],
    "back_numbers": [
      4,
      12
    ],
    "prize_pool": "803,285,352.70",
    "sales": "287,732,716",
    "first_prize_num": "5",
    "first_prize_amount": "7,780,731"
  },
  {
    "draw_num": "23033",
    "draw_date": "2023-03-27",
    "front_numbers": [
      4,
      6,
      10,
      11,
      25
    ],
    "back_numbers": [
      7,
      9
    ],
    "prize_pool": "787,964,749.81",
    "sales": "289,373,837",
    "first_prize_num": "4",
    "first_prize_amount": "7,900,471"
  },
  {
    "draw_num": "23032",
    "draw_date": "2023-03-25",
    "front_numbers": [
      5,
      6,
      18,
      28,
      30
    ],
    "back_numbers": [
      2,
      7
    ],
    "prize_pool": "771,590,189.93",
    "sales": "308,131,139",
    "first_prize_num": "17",
    "first_prize_amount": "6,288,243"
  },
  {
    "draw_num": "23031",
    "draw_date": "2023-03-22",
    "front_numbers": [
      5,
      7,
      8,
      16,
      25
    ],
    "back_numbers": [
      3,
      11
    ],
    "prize_pool": "861,440,447.46",
    "sales": "287,302,404",
    "first_prize_num": "6",
    "first_prize_amount": "9,483,426"
  },
  {
    "draw_num": "23030",
    "draw_date": "2023-03-20",
    "front_numbers": [
      6,
      11,
      12,
      20,
      35
    ],
    "back_numbers": [
      5,
      12
    ],
    "prize_pool": "880,358,984.23",
    "sales": "291,586,529",
    "first_prize_num": "5",
    "first_prize_amount": "10,000,000"
  },
  {
    "draw_num": "23029",
    "draw_date": "2023-03-18",
    "front_numbers": [
      7,
      25,
      27,
      34,
      35
    ],
    "back_numbers": [
      9,
      11
    ],
    "prize_pool": "873,738,106.45",
    "sales": "309,186,270",
    "first_prize_num": "0",
    "first_prize_amount": "---"
  },
  {
    "draw_num": "23028",
    "draw_date": "2023-03-15",
    "front_numbers": [
      1,
      3,
      29,
      30,
      34
    ],
    "back_numbers": [
      4,
      12
    ],
    "prize_pool": "807,820,511.36",
    "sales": "293,553,586",
    "first_prize_num": "0",
    "first_prize_amount": "---"
  },
  {
    "draw_num": "23027",
    "draw_date": "2023-03-13",
    "front_numbers": [
      9,
      10,
      12,
      15,
      23
    ],
    "back_numbers": [
      3,
      6
    ],
    "prize_pool": "734,749,840.59",
    "sales": "288,212,889",
    "first_prize_num": "5",
    "first_prize_amount": "6,766,822"
  },
  {
    "draw_num": "23026",
    "draw_date": "2023-03-11",
    "front_numbers": [
      2,
      13,
      24,
      27,
      30
    ],
    "back_numbers": [
      1,
      6
    ],
    "prize_pool": "733,932,864.84",
    "sales": "316,826,904",
    "first_prize_num": "1",
    "first_prize_amount": "10,000,000"
  },
  {
    "draw_num": "23025",
    "draw_date": "2023-03-08",
    "front_numbers": [
      3,
      9,
      27,
      30,
      31
    ],
    "back_numbers": [
      11,
      12
    ],
    "prize_pool": "667,313,212.93",
    "sales": "298,831,206",
    "first_prize_num": "6",
    "first_prize_amount": "6,917,554"
  },
  {
    "draw_num": "23024",
    "draw_date": "2023-03-06",
    "front_numbers": [
      11,
      15,
      24,
      27,
      30
    ],
    "back_numbers": [
      1,
      10
    ],
    "prize_pool": "662,152,862.38",
    "sales": "299,898,051",
    "first_prize_num": "5",
    "first_prize_amount": "7,924,611"
  },
  {
    "draw_num": "23023",
    "draw_date": "2023-03-04",
    "front_numbers": [
      9,
      21,
      23,
      25,
      33
    ],
    "back_numbers": [
      3,
      10
    ],
    "prize_pool": "641,960,896.09",
    "sales": "327,693,006",
    "first_prize_num": "13",
    "first_prize_amount": "6,369,271"
  },
  {
    "draw_num": "23022",
    "draw_date": "2023-03-01",
    "front_numbers": [
      7,
      11,
      15,
      26,
      28
    ],
    "back_numbers": [
      8,
      10
    ],
    "prize_pool": "656,985,938.78",
    "sales": "304,855,393",
    "first_prize_num": "5",
    "first_prize_amount": "7,161,286"
  },
  {
    "draw_num": "23021",
    "draw_date": "2023-02-27",
    "front_numbers": [
      2,
      9,
      18,
      23,
      27
    ],
    "back_numbers": [
      3,
      5
    ],
    "prize_pool": "648,618,913.39",
    "sales": "304,448,024",
    "first_prize_num": "5",
    "first_prize_amount": "6,737,925"
  },
  {
    "draw_num": "23020",
    "draw_date": "2023-02-25",
    "front_numbers": [
      5,
      6,
      23,
      25,
      28
    ],
    "back_numbers": [
      6,
      9
    ],
    "prize_pool": "648,355,013.37",
    "sales": "323,977,748",
    "first_prize_num": "13",
    "first_prize_amount": "5,492,927"
  },
  {
    "draw_num": "23019",
    "draw_date": "2023-02-22",
    "front_numbers": [
      5,
      8,
      9,
      11,
      15
    ],
    "back_numbers": [
      6,
      8
    ],
    "prize_pool": "706,197,256.79",
    "sales": "298,433,689",
    "first_prize_num": "10",
    "first_prize_amount": "5,948,278"
  },
  {
    "draw_num": "23018",
    "draw_date": "2023-02-20",
    "front_numbers": [
      4,
      8,
      17,
      26,
      30
    ],
    "back_numbers": [
      3,
      11
    ],
    "prize_pool": "732,297,153.78",
    "sales": "297,501,654",
    "first_prize_num": "3",
    "first_prize_amount": "8,442,888"
  },
  {
    "draw_num": "23017",
    "draw_date": "2023-02-18",
    "front_numbers": [
      2,
      5,
      9,
      22,
      27
    ],
    "back_numbers": [
      10,
      11
    ],
    "prize_pool": "709,369,027.01",
    "sales": "325,814,136",
    "first_prize_num": "30",
    "first_prize_amount": "5,817,626"
  },
  {
    "draw_num": "23016",
    "draw_date": "2023-02-15",
    "front_numbers": [
      2,
      4,
      12,
      31,
      32
    ],
    "back_numbers": [
      7,
      11
    ],
    "prize_pool": "929,208,065.35",
    "sales": "294,344,609",
    "first_prize_num": "11",
    "first_prize_amount": "6,710,087"
  },
  {
    "draw_num": "23015",
    "draw_date": "2023-02-13",
    "front_numbers": [
      8,
      16,
      24,
      25,
      34
    ],
    "back_numbers": [
      8,
      12
    ],
    "prize_pool": "1,006,012,729.20",
    "sales": "286,304,176",
    "first_prize_num": "6",
    "first_prize_amount": "8,742,063"
  },
  {
    "draw_num": "23014",
    "draw_date": "2023-02-11",
    "front_numbers": [
      3,
      8,
      18,
      22,
      24
    ],
    "back_numbers": [
      1,
      9
    ],
    "prize_pool": "1,037,380,726.45",
    "sales": "308,698,349",
    "first_prize_num": "5",
    "first_prize_amount": "10,000,000"
  },
  {
    "draw_num": "23013",
    "draw_date": "2023-02-08",
    "front_numbers": [
      1,
      2,
      9,
      23,
      25
    ],
    "back_numbers": [
      2,
      6
    ],
    "prize_pool": "1,040,036,601.76",
    "sales": "290,272,193",
    "first_prize_num": "5",
    "first_prize_amount": "10,000,000"
  },
  {
    "draw_num": "23012",
    "draw_date": "2023-02-06",
    "front_numbers": [
      7,
      16,
      17,
      18,
      28
    ],
    "back_numbers": [
      2,
      3
    ],
    "prize_pool": "1,048,716,293.80",
    "sales": "274,786,290",
    "first_prize_num": "17",
    "first_prize_amount": "6,215,753"
  },
  {
    "draw_num": "23011",
    "draw_date": "2023-02-04",
    "front_numbers": [
      2,
      7,
      8,
      17,
      25
    ],
    "back_numbers": [
      1,
      3
    ],
    "prize_pool": "1,156,695,738.61",
    "sales": "297,936,990",
    "first_prize_num": "4",
    "first_prize_amount": "10,000,000"
  },
  {
    "draw_num": "23010",
    "draw_date": "2023-02-01",
    "front_numbers": [
      5,
      6,
      13,
      23,
      26
    ],
    "back_numbers": [
      1,
      6
    ],
    "prize_pool": "1,144,740,863.03",
    "sales": "272,385,898",
    "first_prize_num": "7",
    "first_prize_amount": "8,119,275"
  },
  {
    "draw_num": "23009",
    "draw_date": "2023-01-30",
    "front_numbers": [
      1,
      5,
      11,
      15,
      33
    ],
    "back_numbers": [
      1,
      10
    ],
    "prize_pool": "1,167,513,305.02",
    "sales": "288,306,205",
    "first_prize_num": "3",
    "first_prize_amount": "10,000,000"
  },
  {
    "draw_num": "23008",
    "draw_date": "2023-01-18",
    "front_numbers": [
      4,
      9,
      17,
      22,
      25
    ],
    "back_numbers": [
      1,
      5
    ],
    "prize_pool": "1,153,640,352.57",
    "sales": "322,639,161",
    "first_prize_num": "11",
    "first_prize_amount": "6,668,897"
  },
  {
    "draw_num": "23007",
    "draw_date": "2023-01-16",
    "front_numbers": [
      2,
      3,
      24,
      30,
      32
    ],
    "back_numbers": [
      1,
      6
    ],
    "prize_pool": "1,214,621,616.68",
    "sales": "270,298,202",
    "first_prize_num": "2",
    "first_prize_amount": "10,000,000"
  },
  {
    "draw_num": "23006",
    "draw_date": "2023-01-14",
    "front_numbers": [
      2,
      4,
      12,
      27,
      35
    ],
    "back_numbers": [
      6,
      7
    ],
    "prize_pool": "1,166,367,354.78",
    "sales": "286,730,809",
    "first_prize_num": "2",
    "first_prize_amount": "10,000,000"
  },
  {
    "draw_num": "23005",
    "draw_date": "2023-01-11",
    "front_numbers": [
      1,
      3,
      10,
      20,
      29
    ],
    "back_numbers": [
      6,
      11
    ],
    "prize_pool": "1,150,759,496.08",
    "sales": "271,728,892",
    "first_prize_num": "5",
    "first_prize_amount": "10,000,000"
  },
  {
    "draw_num": "23004",
    "draw_date": "2023-01-09",
    "front_numbers": [
      4,
      13,
      15,
      20,
      22
    ],
    "back_numbers": [
      4,
      8
    ],
    "prize_pool": "1,157,028,435.66",
    "sales": "258,433,073",
    "first_prize_num": "3",
    "first_prize_amount": "10,000,000"
  },
  {
    "draw_num": "23003",
    "draw_date": "2023-01-07",
    "front_numbers": [
      5,
      6,
      14,
      21,
      22
    ],
    "back_numbers": [
      2,
      9
    ],
    "prize_pool": "1,140,824,557.86",
    "sales": "281,549,083",
    "first_prize_num": "6",
    "first_prize_amount": "10,000,000"
  },
  {
    "draw_num": "23002",
    "draw_date": "2023-01-04",
    "front_numbers": [
      11,
      14,
      21,
      26,
      27
    ],
    "back_numbers": [
      2,
      7
    ],
    "prize_pool": "1,153,840,957.44",
    "sales": "255,061,637",
    "first_prize_num": "3",
    "first_prize_amount": "10,000,000"
  },
  {
    "draw_num": "23001",
    "draw_date": "2023-01-02",
    "front_numbers": [
      18,
      19,
      24,
      27,
      34
    ],
    "back_numbers": [
      11,
      12
    ],
    "prize_pool": "1,124,542,797.38",
    "sales": "244,595,607",
    "first_prize_num": "0",
    "first_prize_amount": "---"
  },
  {
    "draw_num": "22150",
    "draw_date": "2022-12-31",
    "front_numbers": [
      6,
      7,
      26,
      29,
      30
    ],
    "back_numbers": [
      3,
      12
    ],
    "prize_pool": "1,071,397,015.78",
    "sales": "267,131,944",
    "first_prize_num": "4",
    "first_prize_amount": "10,000,000"
  },
  {
    "draw_num": "22149",
    "draw_date": "2022-12-28",
    "front_numbers": [
      15,
      19,
      22,
      26,
      28
    ],
    "back_numbers": [
      2,
      7
    ],
    "prize_pool": "1,073,084,049.88",
    "sales": "227,015,437",
    "first_prize_num": "7",
    "first_prize_amount": "8,559,676"
  },
  {
    "draw_num": "22148",
    "draw_date": "2022-12-26",
    "front_numbers": [
      4,
      5,
      6,
      26,
      27
    ],
    "back_numbers": [
      7,
      12
    ],
    "prize_pool": "1,098,940,648.32",
    "sales": "222,561,477",
    "first_prize_num": "6",
    "first_prize_amount": "8,092,788"
  },
  {
    "draw_num": "22147",
    "draw_date": "2022-12-24",
    "front_numbers": [
      4,
      12,
      22,
      28,
      30
    ],
    "back_numbers": [
      9,
      11
    ],
    "prize_pool": "1,126,392,172.08",
    "sales": "242,212,561",
    "first_prize_num": "2",
    "first_prize_amount": "10,000,000"
  },
  {
    "draw_num": "22146",
    "draw_date": "2022-12-21",
    "front_numbers": [
      1,
      21,
      23,
      28,
      35
    ],
    "back_numbers": [
      7,
      9
    ],
    "prize_pool": "1,091,896,945.67",
    "sales": "226,981,538",
    "first_prize_num": "1",
    "first_prize_amount": "10,000,000"
  },
  {
    "draw_num": "22145",
    "draw_date": "2022-12-19",
    "front_numbers": [
      10,
      20,
      29,
      30,
      35
    ],
    "back_numbers": [
      6,
      9
    ],
    "prize_pool": "1,054,075,162.55",
    "sales": "235,282,028",
    "first_prize_num": "5",
    "first_prize_amount": "8,228,015"
  },
  {
    "draw_num": "22144",
    "draw_date": "2022-12-17",
    "front_numbers": [
      3,
      4,
      8,
      15,
      21
    ],
    "back_numbers": [
      4,
      7
    ],
    "prize_pool": "1,077,698,266.51",
    "sales": "254,622,809",
    "first_prize_num": "5",
    "first_prize_amount": "9,732,901"
  },
  {
    "draw_num": "22143",
    "draw_date": "2022-12-14",
    "front_numbers": [
      10,
      13,
      14,
      27,
      33
    ],
    "back_numbers": [
      7,
      8
    ],
    "prize_pool": "1,091,325,801.32",
    "sales": "250,946,991",
    "first_prize_num": "3",
    "first_prize_amount": "10,000,000"
  },
  {
    "draw_num": "22142",
    "draw_date": "2022-12-12",
    "front_numbers": [
      7,
      12,
      14,
      29,
      35
    ],
    "back_numbers": [
      1,
      11
    ],
    "prize_pool": "1,078,507,658.16",
    "sales": "261,964,327",
    "first_prize_num": "2",
    "first_prize_amount": "10,000,000"
  },
  {
    "draw_num": "22141",
    "draw_date": "2022-12-10",
    "front_numbers": [
      5,
      6,
      14,
      24,
      25
    ],
    "back_numbers": [
      2,
      4
    ],
    "prize_pool": "1,047,136,066.48",
    "sales": "280,927,317",
    "first_prize_num": "0",
    "first_prize_amount": "---"
  },
  {
    "draw_num": "22140",
    "draw_date": "2022-12-07",
    "front_numbers": [
      5,
      15,
      25,
      26,
      29
    ],
    "back_numbers": [
      4,
      12
    ],
    "prize_pool": "984,601,777.52",
    "sales": "263,913,540",
    "first_prize_num": "7",
    "first_prize_amount": "8,414,552"
  },
  {
    "draw_num": "22139",
    "draw_date": "2022-12-05",
    "front_numbers": [
      1,
      13,
      14,
      22,
      35
    ],
    "back_numbers": [
      2,
      5
    ],
    "prize_pool": "1,016,097,851.23",
    "sales": "249,420,144",
    "first_prize_num": "2",
    "first_prize_amount": "10,000,000"
  },
  {
    "draw_num": "22138",
    "draw_date": "2022-12-03",
    "front_numbers": [
      5,
      13,
      16,
      27,
      33
    ],
    "back_numbers": [
      7,
      12
    ],
    "prize_pool": "983,440,468.09",
    "sales": "263,569,680",
    "first_prize_num": "14",
    "first_prize_amount": "7,323,910"
  },
  {
    "draw_num": "22137",
    "draw_date": "2022-11-30",
    "front_numbers": [
      5,
      6,
      8,
      15,
      20
    ],
    "back_numbers": [
      7,
      8
    ],
    "prize_pool": "1,041,138,782.99",
    "sales": "236,652,115",
    "first_prize_num": "8",
    "first_prize_amount": "6,803,296"
  },
  {
    "draw_num": "22136",
    "draw_date": "2022-11-28",
    "front_numbers": [
      1,
      11,
      15,
      17,
      33
    ],
    "back_numbers": [
      3,
      11
    ],
    "prize_pool": "1,089,020,630.41",
    "sales": "243,043,220",
    "first_prize_num": "4",
    "first_prize_amount": "10,000,000"
  },
  {
    "draw_num": "22135",
    "draw_date": "2022-11-26",
    "front_numbers": [
      9,
      10,
      27,
      31,
      32
    ],
    "back_numbers": [
      1,
      3
    ],
    "prize_pool": "1,072,783,224.93",
    "sales": "276,637,790",
    "first_prize_num": "5",
    "first_prize_amount": "10,000,000"
  },
  {
    "draw_num": "22134",
    "draw_date": "2022-11-23",
    "front_numbers": [
      3,
      16,
      23,
      27,
      32
    ],
    "back_numbers": [
      3,
      6
    ],
    "prize_pool": "1,082,667,691.29",
    "sales": "260,504,803",
    "first_prize_num": "10",
    "first_prize_amount": "7,180,775"
  },
  {
    "draw_num": "22133",
    "draw_date": "2022-11-21",
    "front_numbers": [
      1,
      2,
      14,
      30,
      31
    ],
    "back_numbers": [
      6,
      9
    ],
    "prize_pool": "1,126,501,374.52",
    "sales": "268,194,352",
    "first_prize_num": "2",
    "first_prize_amount": "10,000,000"
  },
  {
    "draw_num": "22132",
    "draw_date": "2022-11-19",
    "front_numbers": [
      2,
      27,
      30,
      34,
      35
    ],
    "back_numbers": [
      9,
      12
    ],
    "prize_pool": "1,087,727,608.19",
    "sales": "303,478,141",
    "first_prize_num": "1",
    "first_prize_amount": "10,000,000"
  },
  {
    "draw_num": "22131",
    "draw_date": "2022-11-16",
    "front_numbers": [
      2,
      6,
      8,
      10,
      17
    ],
    "back_numbers": [
      5,
      6
    ],
    "prize_pool": "1,023,428,077.10",
    "sales": "280,955,531",
    "first_prize_num": "13",
    "first_prize_amount": "7,230,419"
  },
  {
    "draw_num": "22130",
    "draw_date": "2022-11-14",
    "front_numbers": [
      5,
      7,
      15,
      18,
      23
    ],
    "back_numbers": [
      5,
      10
    ],
    "prize_pool": "1,072,190,623.65",
    "sales": "276,026,401",
    "first_prize_num": "1",
    "first_prize_amount": "10,000,000"
  },
  {
    "draw_num": "22129",
    "draw_date": "2022-11-12",
    "front_numbers": [
      10,
      17,
      23,
      34,
      35
    ],
    "back_numbers": [
      1,
      4
    ],
    "prize_pool": "1,037,498,580.49",
    "sales": "296,103,979",
    "first_prize_num": "1",
    "first_prize_amount": "10,000,000"
  },
  {
    "draw_num": "22128",
    "draw_date": "2022-11-09",
    "front_numbers": [
      10,
      19,
      21,
      23,
      35
    ],
    "back_numbers": [
      4,
      10
    ],
    "prize_pool": "971,487,159.52",
    "sales": "287,676,329",
    "first_prize_num": "0",
    "first_prize_amount": "---"
  },
  {
    "draw_num": "22127",
    "draw_date": "2022-11-07",
    "front_numbers": [
      2,
      3,
      8,
      9,
      20
    ],
    "back_numbers": [
      4,
      10
    ],
    "prize_pool": "898,918,318.08",
    "sales": "281,679,123",
    "first_prize_num": "1",
    "first_prize_amount": "10,000,000"
  },
  {
    "draw_num": "22126",
    "draw_date": "2022-11-05",
    "front_numbers": [
      4,
      5,
      8,
      22,
      35
    ],
    "back_numbers": [
      1,
      3
    ],
    "prize_pool": "858,035,622.37",
    "sales": "302,545,991",
    "first_prize_num": "4",
    "first_prize_amount": "10,000,000"
  },
  {
    "draw_num": "22125",
    "draw_date": "2022-11-02",
    "front_numbers": [
      3,
      7,
      14,
      16,
      19
    ],
    "back_numbers": [
      1,
      11
    ],
    "prize_pool": "847,578,280.31",
    "sales": "281,402,027",
    "first_prize_num": "3",
    "first_prize_amount": "10,000,000"
  },
  {
    "draw_num": "22124",
    "draw_date": "2022-10-31",
    "front_numbers": [
      2,
      4,
      11,
      25,
      30
    ],
    "back_numbers": [
      6,
      12
    ],
    "prize_pool": "829,363,342.19",
    "sales": "280,957,519",
    "first_prize_num": "4",
    "first_prize_amount": "10,000,000"
  },
  {
    "draw_num": "22123",
    "draw_date": "2022-10-29",
    "front_numbers": [
      2,
      20,
      28,
      29,
      30
    ],
    "back_numbers": [
      7,
      10
    ],
    "prize_pool": "807,264,781.73",
    "sales": "305,820,352",
    "first_prize_num": "6",
    "first_prize_amount": "8,863,199"
  },
  {
    "draw_num": "22122",
    "draw_date": "2022-10-26",
    "front_numbers": [
      4,
      15,
      17,
      19,
      25
    ],
    "back_numbers": [
      6,
      12
    ],
    "prize_pool": "833,361,576.04",
    "sales": "274,529,792",
    "first_prize_num": "3",
    "first_prize_amount": "10,000,000"
  },
  {
    "draw_num": "22121",
    "draw_date": "2022-10-24",
    "front_numbers": [
      4,
      15,
      16,
      20,
      21
    ],
    "back_numbers": [
      4,
      5
    ],
    "prize_pool": "808,811,731.54",
    "sales": "273,260,256",
    "first_prize_num": "4",
    "first_prize_amount": "8,403,281"
  },
  {
    "draw_num": "22120",
    "draw_date": "2022-10-22",
    "front_numbers": [
      11,
      22,
      26,
      30,
      33
    ],
    "back_numbers": [
      3,
      5
    ],
    "prize_pool": "785,438,059.18",
    "sales": "297,092,815",
    "first_prize_num": "20",
    "first_prize_amount": "6,147,599"
  },
  {
    "draw_num": "22119",
    "draw_date": "2022-10-19",
    "front_numbers": [
      1,
      9,
      16,
      25,
      29
    ],
    "back_numbers": [
      4,
      9
    ],
    "prize_pool": "935,330,701.36",
    "sales": "265,928,079",
    "first_prize_num": "9",
    "first_prize_amount": "6,378,248"
  },
  {
    "draw_num": "22118",
    "draw_date": "2022-10-17",
    "front_numbers": [
      2,
      5,
      15,
      17,
      26
    ],
    "back_numbers": [
      2,
      8
    ],
    "prize_pool": "980,149,419.52",
    "sales": "266,205,201",
    "first_prize_num": "2",
    "first_prize_amount": "10,000,000"
  },
  {
    "draw_num": "22117",
    "draw_date": "2022-10-15",
    "front_numbers": [
      9,
      12,
      15,
      21,
      32
    ],
    "back_numbers": [
      2,
      7
    ],
    "prize_pool": "943,874,218.60",
    "sales": "288,760,077",
    "first_prize_num": "2",
    "first_prize_amount": "10,000,000"
  },
  {
    "draw_num": "22116",
    "draw_date": "2022-10-12",
    "front_numbers": [
      1,
      7,
      20,
      22,
      31
    ],
    "back_numbers": [
      7,
      12
    ],
    "prize_pool": "903,895,960.47",
    "sales": "268,635,897",
    "first_prize_num": "2",
    "first_prize_amount": "10,000,000"
  },
  {
    "draw_num": "22115",
    "draw_date": "2022-10-10",
    "front_numbers": [
      17,
      19,
      20,
      23,
      27
    ],
    "back_numbers": [
      3,
      8
    ],
    "prize_pool": "876,900,512.54",
    "sales": "264,625,441",
    "first_prize_num": "1",
    "first_prize_amount": "10,000,000"
  },
  {
    "draw_num": "22114",
    "draw_date": "2022-10-08",
    "front_numbers": [
      11,
      21,
      24,
      27,
      28
    ],
    "back_numbers": [
      5,
      10
    ],
    "prize_pool": "850,606,831.09",
    "sales": "279,880,005",
    "first_prize_num": "3",
    "first_prize_amount": "10,000,000"
  },
  {
    "draw_num": "22113",
    "draw_date": "2022-10-05",
    "front_numbers": [
      13,
      15,
      22,
      31,
      33
    ],
    "back_numbers": [
      5,
      12
    ],
    "prize_pool": "816,761,134.28",
    "sales": "276,092,506",
    "first_prize_num": "3",
    "first_prize_amount": "10,000,000"
  },
  {
    "draw_num": "22112",
    "draw_date": "2022-09-28",
    "front_numbers": [
      4,
      11,
      18,
      20,
      26
    ],
    "back_numbers": [
      6,
      12
    ],
    "prize_pool": "782,148,236.89",
    "sales": "277,451,326",
    "first_prize_num": "6",
    "first_prize_amount": "7,374,292"
  },
  {
    "draw_num": "22111",
    "draw_date": "2022-09-26",
    "front_numbers": [
      6,
      12,
      16,
      19,
      31
    ],
    "back_numbers": [
      6,
      10
    ],
    "prize_pool": "770,835,538.84",
    "sales": "275,608,888",
    "first_prize_num": "3",
    "first_prize_amount": "10,000,000"
  },
  {
    "draw_num": "22110",
    "draw_date": "2022-09-24",
    "front_numbers": [
      2,
      13,
      16,
      18,
      23
    ],
    "back_numbers": [
      3,
      6
    ],
    "prize_pool": "741,140,375.95",
    "sales": "293,502,614",
    "first_prize_num": "5",
    "first_prize_amount": "7,700,255"
  },
  {
    "draw_num": "22109",
    "draw_date": "2022-09-21",
    "front_numbers": [
      5,
      9,
      24,
      29,
      35
    ],
    "back_numbers": [
      5,
      12
    ],
    "prize_pool": "726,986,669.25",
    "sales": "274,478,389",
    "first_prize_num": "13",
    "first_prize_amount": "5,529,833"
  },
  {
    "draw_num": "22108",
    "draw_date": "2022-09-19",
    "front_numbers": [
      4,
      7,
      13,
      26,
      28
    ],
    "back_numbers": [
      7,
      11
    ],
    "prize_pool": "796,949,041.90",
    "sales": "270,398,530",
    "first_prize_num": "2",
    "first_prize_amount": "9,817,382"
  },
  {
    "draw_num": "22107",
    "draw_date": "2022-09-17",
    "front_numbers": [
      7,
      9,
      19,
      28,
      29
    ],
    "back_numbers": [
      8,
      10
    ],
    "prize_pool": "771,831,893.27",
    "sales": "289,183,885",
    "first_prize_num": "11",
    "first_prize_amount": "7,084,969"
  },
  {
    "draw_num": "22106",
    "draw_date": "2022-09-14",
    "front_numbers": [
      16,
      17,
      21,
      28,
      32
    ],
    "back_numbers": [
      4,
      7
    ],
    "prize_pool": "817,054,416.65",
    "sales": "263,686,397",
    "first_prize_num": "4",
    "first_prize_amount": "8,148,482"
  },
  {
    "draw_num": "22105",
    "draw_date": "2022-09-12",
    "front_numbers": [
      1,
      8,
      9,
      21,
      22
    ],
    "back_numbers": [
      1,
      4
    ],
    "prize_pool": "797,227,537.62",
    "sales": "261,227,681",
    "first_prize_num": "6",
    "first_prize_amount": "9,548,733"
  },
  {
    "draw_num": "22104",
    "draw_date": "2022-09-10",
    "front_numbers": [
      3,
      5,
      13,
      19,
      25
    ],
    "back_numbers": [
      2,
      5
    ],
    "prize_pool": "815,868,126.59",
    "sales": "278,107,743",
    "first_prize_num": "5",
    "first_prize_amount": "10,000,000"
  },
  {
    "draw_num": "22103",
    "draw_date": "2022-09-07",
    "front_numbers": [
      8,
      12,
      16,
      21,
      32
    ],
    "back_numbers": [
      1,
      12
    ],
    "prize_pool": "828,275,399.62",
    "sales": "257,860,867",
    "first_prize_num": "2",
    "first_prize_amount": "10,000,000"
  },
  {
    "draw_num": "22102",
    "draw_date": "2022-09-05",
    "front_numbers": [
      1,
      5,
      14,
      20,
      30
    ],
    "back_numbers": [
      2,
      4
    ],
    "prize_pool": "802,491,817.95",
    "sales": "254,102,938",
    "first_prize_num": "5",
    "first_prize_amount": "7,098,382"
  },
  {
    "draw_num": "22101",
    "draw_date": "2022-09-03",
    "front_numbers": [
      2,
      4,
      6,
      7,
      8
    ],
    "back_numbers": [
      3,
      6
    ],
    "prize_pool": "795,328,775.67",
    "sales": "285,323,196",
    "first_prize_num": "5",
    "first_prize_amount": "7,881,688"
  },
  {
    "draw_num": "22100",
    "draw_date": "2022-08-31",
    "front_numbers": [
      10,
      19,
      20,
      23,
      31
    ],
    "back_numbers": [
      3,
      7
    ],
    "prize_pool": "778,544,296.17",
    "sales": "263,081,270",
    "first_prize_num": "12",
    "first_prize_amount": "6,928,361"
  },
  {
    "draw_num": "22099",
    "draw_date": "2022-08-29",
    "front_numbers": [
      7,
      18,
      25,
      27,
      33
    ],
    "back_numbers": [
      4,
      5
    ],
    "prize_pool": "828,721,804.33",
    "sales": "262,403,522",
    "first_prize_num": "2",
    "first_prize_amount": "10,000,000"
  },
  {
    "draw_num": "22098",
    "draw_date": "2022-08-27",
    "front_numbers": [
      1,
      3,
      6,
      11,
      13
    ],
    "back_numbers": [
      3,
      11
    ],
    "prize_pool": "808,652,607.22",
    "sales": "290,597,334",
    "first_prize_num": "7",
    "first_prize_amount": "10,000,000"
  },
  {
    "draw_num": "22097",
    "draw_date": "2022-08-24",
    "front_numbers": [
      5,
      13,
      22,
      28,
      29
    ],
    "back_numbers": [
      5,
      11
    ],
    "prize_pool": "812,318,845.97",
    "sales": "265,903,896",
    "first_prize_num": "5",
    "first_prize_amount": "10,000,000"
  },
  {
    "draw_num": "22096",
    "draw_date": "2022-08-22",
    "front_numbers": [
      16,
      19,
      24,
      27,
      33
    ],
    "back_numbers": [
      1,
      6
    ],
    "prize_pool": "818,056,288.32",
    "sales": "265,333,149",
    "first_prize_num": "1",
    "first_prize_amount": "10,000,000"
  },
  {
    "draw_num": "22095",
    "draw_date": "2022-08-20",
    "front_numbers": [
      5,
      8,
      22,
      25,
      35
    ],
    "back_numbers": [
      2,
      7
    ],
    "prize_pool": "779,067,574.97",
    "sales": "285,755,605",
    "first_prize_num": "4",
    "first_prize_amount": "7,575,561"
  }
]