[
  {
    "draw_num": "24094",
    "draw_date": "2024-08-14",
    "front_numbers": [
      12,
      13,
      24,
      29,
      31
    ],
    "back_numbers": [
      2,
      8
    ],
    "prize_pool": "921,004,006.21",
    "sales": "268,381,009",
    "first_prize_num": "6",
    "first_prize_amount": "10,000,000"
  },
  {
    "draw_num": "24093",
    "draw_date": "2024-08-12",
    "front_numbers": [
      16,
      24,
      26,
      28,
      29
    ],
    "back_numbers": [
      8,
      12
    ],
    "prize_pool": "933,160,955.97",
    "sales": "267,469,695",
    "first_prize_num": "2",
    "first_prize_amount": "10,000,000"
  },
  {
    "draw_num": "24092",
    "draw_date": "2024-08-10",
    "front_numbers": [
      2,
      4,
      25,
      26,
      31
    ],
    "back_numbers": [
      1,
      6
    ],
    "prize_pool": "896,954,081.44",
    "sales": "291,452,049",
    "first_prize_num": "2",
    "first_prize_amount": "10,000,000"
  },
  {
    "draw_num": "24091",
    "draw_date": "2024-08-07",
    "front_numbers": [
      1,
      8,
      11,
      17,
      21
    ],
    "back_numbers": [
      1,
      2
    ],
    "prize_pool": "853,175,802.71",
    "sales": "275,909,984",
    "first_prize_num": "7",
    "first_prize_amount": "9,748,244"
  },
  {
    "draw_num": "24090",
    "draw_date": "2024-08-05",
    "front_numbers": [
      2,
      3,
      6,
      28,
      33
    ],
    "back_numbers": [
      7,
      11
    ],
    "prize_pool": "871,435,469.91",
    "sales": "272,808,891",
    "first_prize_num": "6",
    "first_prize_amount": "10,000,000"
  },
  {
    "draw_num": "24089",
    "draw_date": "2024-08-03",
    "front_numbers": [
      5,
      6,
      29,
      30,
      34
    ],
    "back_numbers": [
      7,
      8
    ],
    "prize_pool": "883,749,233.07",
    "sales": "295,210,405",
    "first_prize_num": "9",
    "first_prize_amount": "7,163,757"
  },
  {
    "draw_num": "24088",
    "draw_date": "2024-07-31",
    "front_numbers": [
      1,
      2,
      23,
      28,
      32
    ],
    "back_numbers": [
      3,
      5
    ],
    "prize_pool": "936,027,718.90",
    "sales": "275,758,279",
    "first_prize_num": "1",
    "first_prize_amount": "10,000,000"
  },
  {
    "draw_num": "24087",
    "draw_date": "2024-07-29",
    "front_numbers": [
      7,
      10,
      20,
      28,
      34
    ],
    "back_numbers": [
      5,
      10
    ],
    "prize_pool": "878,620,335.97",
    "sales": "270,914,474",
    "first_prize_num": "5",
    "first_prize_amount": "9,672,418"
  },
  {
    "draw_num": "24086",
    "draw_date": "2024-07-27",
    "front_numbers": [
      11,
      12,
      14,
      22,
      28
    ],
    "back_numbers": [
      7,
      11
    ],
    "prize_pool": "894,351,076.34",
    "sales": "289,812,124",
    "first_prize_num": "4",
    "first_prize_amount": "10,000,000"
  },
  {
    "draw_num": "24085",
    "draw_date": "2024-07-24",
    "front_numbers": [
      2,
      9,
      16,
      29,
      35
    ],
    "back_numbers": [
      1,
      6
    ],
    "prize_pool": "884,649,054.75",
    "sales": "272,997,715",
    "first_prize_num": "2",
    "first_prize_amount": "10,000,000"
  },
  {
    "draw_num": "24084",
    "draw_date": "2024-07-22",
    "front_numbers": [
      4,
      11,
      16,
      17,
      23
    ],
    "back_numbers": [
      5,
      10
    ],
    "prize_pool": "843,256,869.08",
    "sales": "273,725,306",
    "first_prize_num": "7",
    "first_prize_amount": "9,606,887"
  },
  {
    "draw_num": "24083",
    "draw_date": "2024-07-20",
    "front_numbers": [
      9,
      11,
      12,
      13,
      30
    ],
    "back_numbers": [
      7,
      9
    ],
    "prize_pool": "862,133,985.90",
    "sales": "286,958,348",
    "first_prize_num": "30",
    "first_prize_amount": "5,386,805"
  },
  {
    "draw_num": "24082",
    "draw_date": "2024-07-17",
    "front_numbers": [
      8,
      21,
      23,
      24,
      26
    ],
    "back_numbers": [
      4,
      5
    ],
    "prize_pool": "1,063,036,330.75",
    "sales": "267,432,531",
    "first_prize_num": "3",
    "first_prize_amount": "10,000,000"
  },
  {
    "draw_num": "24081",
    "draw_date": "2024-07-15",
    "front_numbers": [
      14,
      15,
      25,
      27,
      34
    ],
    "back_numbers": [
      1,
      10
    ],
    "prize_pool": "1,046,747,917.20",
    "sales": "272,829,311",
    "first_prize_num": "3",
    "first_prize_amount": "10,000,000"
  },
  {
    "draw_num": "24080",
    "draw_date": "2024-07-13",
    "front_numbers": [
      3,
      5,
      24,
      27,
      28
    ],
    "back_numbers": [
      9,
      11
    ],
    "prize_pool": "1,020,105,407.54",
    "sales": "291,094,012",
    "first_prize_num": "3",
    "first_prize_amount": "10,000,000"
  },
  {
    "draw_num": "24079",
    "draw_date": "2024-07-10",
    "front_numbers": [
      3,
      8,
      17,
      18,
      23
    ],
    "back_numbers": [
      6,
      11
    ],
    "prize_pool": "991,691,070.55",
    "sales": "268,730,382",
    "first_prize_num": "6",
    "first_prize_amount": "9,403,336"
  },
  {
    "draw_num": "24078",
    "draw_date": "2024-07-08",
    "front_numbers": [
      5,
      7,
      10,
      14,
      15
    ],
    "back_numbers": [
      4,
      7
    ],
    "prize_pool": "1,008,923,163.54",
    "sales": "268,900,803",
    "first_prize_num": "6",
    "first_prize_amount": "8,221,379"
  },
  {
    "draw_num": "24077",
    "draw_date": "2024-07-06",
    "front_numbers": [
      1,
      3,
      25,
      26,
      29
    ],
    "back_numbers": [
      6,
      12
    ],
    "prize_pool": "1,038,326,614.77",
    "sales": "290,800,928",
    "first_prize_num": "3",
    "first_prize_amount": "10,000,000"
  },
  {
    "draw_num": "24076",
    "draw_date": "2024-07-03",
    "front_numbers": [
      1,
      6,
      22,
      27,
      35
    ],
    "back_numbers": [
      7,
      12
    ],
    "prize_pool": "1,020,815,446.49",
    "sales": "267,258,235",
    "first_prize_num": "5",
    "first_prize_amount": "10,000,000"
  },
  {
    "draw_num": "24075",
    "draw_date": "2024-07-01",
    "front_numbers": [
      8,
      17,
      26,
      28,
      32
    ],
    "back_numbers": [
      1,
      10
    ],
    "prize_pool": "1,018,960,254.67",
    "sales": "271,990,488",
    "first_prize_num": "2",
    "first_prize_amount": "10,000,000"
  },
  {
    "draw_num": "24074",
    "draw_date": "2024-06-29",
    "front_numbers": [
      2,
      10,
      11,
      21,
      27
    ],
    "back_numbers": [
      9,
      11
    ],
    "prize_pool": "982,548,557.16",
    "sales": "299,903,507",
    "first_prize_num": "5",
    "first_prize_amount": "10,000,000"
  },
  {
    "draw_num": "24073",
    "draw_date": "2024-06-26",
    "front_numbers": [
      7,
      9,
      12,
      21,
      23
    ],
    "back_numbers": [
      5,
      9
    ],
    "prize_pool": "975,514,513.98",
    "sales": "274,592,514",
    "first_prize_num": "5",
    "first_prize_amount": "10,000,000"
  },
  {
    "draw_num": "24072",
    "draw_date": "2024-06-24",
    "front_numbers": [
      4,
      17,
      21,
      23,
      32
    ],
    "back_numbers": [
      1,
      6
    ],
    "prize_pool": "983,268,733.83",
    "sales": "277,834,690",
    "first_prize_num": "0",
    "first_prize_amount": "---"
  },
  {
    "draw_num": "24071",
    "draw_date": "2024-06-22",
    "front_numbers": [
      6,
      10,
      15,
      34,
      35
    ],
    "back_numbers": [
      2,
      10
    ],
    "prize_pool": "915,626,815.51",
    "sales": "299,309,419",
    "first_prize_num": "1",
    "first_prize_amount": "10,000,000"
  },
  {
    "draw_num": "24070",
    "draw_date": "2024-06-19",
    "front_numbers": [
      4,
      20,
      21,
      32,
      34
    ],
    "back_numbers": [
      2,
      9
    ],
    "prize_pool": "853,967,599.07",
    "sales": "285,815,574",
    "first_prize_num": "5",
    "first_prize_amount": "10,000,000"
  },
  {
    "draw_num": "24069",
    "draw_date": "2024-06-17",
    "front_numbers": [
      7,
      9,
      16,
      20,
      24
    ],
    "back_numbers": [
      3,
      7
    ],
    "prize_pool": "861,827,969.99",
    "sales": "283,229,251",
    "first_prize_num": "4",
    "first_prize_amount": "10,000,000"
  },
  {
    "draw_num": "24068",
    "draw_date": "2024-06-15",
    "front_numbers": [
      15,
      20,
      31,
      32,
      33
    ],
    "back_numbers": [
      5,
      10
    ],
    "prize_pool": "856,579,360.56",
    "sales": "309,548,443",
    "first_prize_num": "8",
    "first_prize_amount": "8,633,190"
  },
  {
    "draw_num": "24067",
    "draw_date": "2024-06-12",
    "front_numbers": [
      3,
      11,
      14,
      20,
      22
    ],
    "back_numbers": [
      6,
      9
    ],
    "prize_pool": "887,419,661.98",
    "sales": "284,089,108",
    "first_prize_num": "6",
    "first_prize_amount": "8,434,472"
  },
  {
    "draw_num": "24066",
    "draw_date": "2024-06-10",
    "front_numbers": [
      13,
      19,
      20,
      24,
      25
    ],
    "back_numbers": [
      6,
      7
    ],
    "prize_pool": "913,263,901.96",
    "sales": "273,100,690",
    "first_prize_num": "5",
    "first_prize_amount": "10,000,000"
  },
  {
    "draw_num": "24065",
    "draw_date": "2024-06-08",
    "front_numbers": [
      5,
      10,
      18,
      26,
      27
    ],
    "back_numbers": [
      3,
      6
    ],
    "prize_pool": "921,687,696.24",
    "sales": "309,719,434",
    "first_prize_num": "11",
    "first_prize_amount": "8,094,947"
  },
  {
    "draw_num": "24064",
    "draw_date": "2024-06-05",
    "front_numbers": [
      5,
      12,
      21,
      32,
      33
    ],
    "back_numbers": [
      8,
      9
    ],
    "prize_pool": "962,849,743.70",
    "sales": "288,277,616",
    "first_prize_num": "6",
    "first_prize_amount": "10,000,000"
  },
  {
    "draw_num": "24063",
    "draw_date": "2024-06-03",
    "front_numbers": [
      7,
      12,
      16,
      33,
      34
    ],
    "back_numbers": [
      1,
      3
    ],
    "prize_pool": "973,735,264.26",
    "sales": "292,831,289",
    "first_prize_num": "10",
    "first_prize_amount": "7,845,807"
  },
  {
    "draw_num": "24062",
    "draw_date": "2024-06-01",
    "front_numbers": [
      5,
      14,
      15,
      16,
      33
    ],
    "back_numbers": [
      3,
      5
    ],
    "prize_pool": "1,026,874,292.01",
    "sales": "315,884,493",
    "first_prize_num": "4",
    "first_prize_amount": "10,000,000"
  },
  {
    "draw_num": "24061",
    "draw_date": "2024-05-29",
    "front_numbers": [
      1,
      12,
      19,
      31,
      33
    ],
    "back_numbers": [
      5,
      8
    ],
    "prize_pool": "1,010,655,904.29",
    "sales": "299,445,616",
    "first_prize_num": "2",
    "first_prize_amount": "10,000,000"
  },
  {
    "draw_num": "24060",
    "draw_date": "2024-05-27",
    "front_numbers": [
      3,
      21,
      25,
      28,
      30
    ],
    "back_numbers": [
      1,
      12
    ],
    "prize_pool": "972,277,348.85",
    "sales": "296,628,686",
    "first_prize_num": "2",
    "first_prize_amount": "10,000,000"
  },
  {
    "draw_num": "24059",
    "draw_date": "2024-05-25",
    "front_numbers": [
      17,
      18,
      20,
      25,
      31
    ],
    "back_numbers": [
      3,
      12
    ],
    "prize_pool": "931,975,708.26",
    "sales": "324,880,212",
    "first_prize_num": "2",
    "first_prize_amount": "10,000,000"
  },
  {
    "draw_num": "24058",
    "draw_date": "2024-05-22",
    "front_numbers": [
      6,
      10,
      13,
      20,
      32
    ],
    "back_numbers": [
      1,
      2
    ],
    "prize_pool": "870,850,888.73",
    "sales": "309,602,010",
    "first_prize_num": "0",
    "first_prize_amount": "---"
  },
  {
    "draw_num": "24057",
    "draw_date": "2024-05-20",
    "front_numbers": [
      9,
      25,
      30,
      33,
      34
    ],
    "back_numbers": [
      3,
      9
    ],
    "prize_pool": "800,308,581.91",
    "sales": "318,410,232",
    "first_prize_num": "13",
    "first_prize_amount": "8,286,191"
  },
  {
    "draw_num": "24056",
    "draw_date": "2024-05-18",
    "front_numbers": [
      16,
      17,
      18,
      27,
      35
    ],
    "back_numbers": [
      6,
      12
    ],
    "prize_pool": "843,912,893.08",
    "sales": "336,018,142",
    "first_prize_num": "6",
    "first_prize_amount": "9,728,340"
  },
  {
    "draw_num": "24055",
    "draw_date": "2024-05-15",
    "front_numbers": [
      7,
      17,
      22,
      30,
      34
    ],
    "back_numbers": [
      5,
      7
    ],
    "prize_pool": "863,670,781",
    "sales": "317,431,264",
    "first_prize_num": "3",
    "first_prize_amount": "10,000,000"
  },
  {
    "draw_num": "24054",
    "draw_date": "2024-05-13",
    "front_numbers": [
      5,
      6,
      9,
      11,
      22
    ],
    "back_numbers": [
      1,
      3
    ],
    "prize_pool": "832,891,426.70",
    "sales": "320,575,371",
    "first_prize_num": "5",
    "first_prize_amount": "10,000,000"
  },
  {
    "draw_num": "24053",
    "draw_date": "2024-05-11",
    "front_numbers": [
      1,
      7,
      19,
      20,
      35
    ],
    "back_numbers": [
      3,
      9
    ],
    "prize_pool": "830,363,706.30",
    "sales": "336,156,975",
    "first_prize_num": "14",
    "first_prize_amount": "7,105,231"
  },
  {
    "draw_num": "24052",
    "draw_date": "2024-05-08",
    "front_numbers": [
      2,
      3,
      13,
      22,
      34
    ],
    "back_numbers": [
      4,
      8
    ],
    "prize_pool": "889,972,405.33",
    "sales": "310,107,521",
    "first_prize_num": "3",
    "first_prize_amount": "10,000,000"
  },
  {
    "draw_num": "24051",
    "draw_date": "2024-05-06",
    "front_numbers": [
      5,
      21,
      22,
      23,
      29
    ],
    "back_numbers": [
      1,
      2
    ],
    "prize_pool": "873,151,022",
    "sales": "315,085,775",
    "first_prize_num": "2",
    "first_prize_amount": "10,000,000"
  },
  {
    "draw_num": "24050",
    "draw_date": "2024-05-04",
    "front_numbers": [
      3,
      4,
      14,
      18,
      26
    ],
    "back_numbers": [
      7,
      9
    ],
    "prize_pool": "815,223,577.79",
    "sales": "317,239,170",
    "first_prize_num": "5",
    "first_prize_amount": "7,763,994"
  },
  {
    "draw_num": "24049",
    "draw_date": "2024-05-01",
    "front_numbers": [
      4,
      6,
      9,
      10,
      22
    ],
    "back_numbers": [
      1,
      8
    ],
    "prize_pool": "797,733,182.88",
    "sales": "314,130,981",
    "first_prize_num": "4",
    "first_prize_amount": "7,782,365"
  },
  {
    "draw_num": "24048",
    "draw_date": "2024-04-29",
    "front_numbers": [
      12,
      18,
      21,
      26,
      28
    ],
    "back_numbers": [
      8,
      9
    ],
    "prize_pool": "778,092,485.18",
    "sales": "334,634,953",
    "first_prize_num": "6",
    "first_prize_amount": "6,699,387"
  },
  {
    "draw_num": "24047",
    "draw_date": "2024-04-27",
    "front_numbers": [
      11,
      19,
      21,
      26,
      35
    ],
    "back_numbers": [
      10,
      11
    ],
    "prize_pool": "778,752,831.34",
    "sales": "359,497,689",
    "first_prize_num": "1",
    "first_prize_amount": "10,000,000"
  },
  {
    "draw_num": "24046",
    "draw_date": "2024-04-24",
    "front_numbers": [
      6,
      12,
      17,
      29,
      30
    ],
    "back_numbers": [
      7,
      11
    ],
    "prize_pool": "719,960,456.50",
    "sales": "339,369,342",
    "first_prize_num": "21",
    "first_prize_amount": "6,357,343"
  },
  {
    "draw_num": "24045",
    "draw_date": "2024-04-22",
    "front_numbers": [
      9,
      10,
      14,
      31,
      32
    ],
    "back_numbers": [
      3,
      8
    ],
    "prize_pool": "849,701,016.78",
    "sales": "340,035,744",
    "first_prize_num": "11",
    "first_prize_amount": "7,959,250"
  },
  {
    "draw_num": "24044",
    "draw_date": "2024-04-20",
    "front_numbers": [
      3,
      13,
      15,
      17,
      22
    ],
    "back_numbers": [
      6,
      10
    ],
    "prize_pool": "899,843,308.50",
    "sales": "363,290,238",
    "first_prize_num": "7",
    "first_prize_amount": "10,000,000"
  },
  {
    "draw_num": "24043",
    "draw_date": "2024-04-17",
    "front_numbers": [
      3,
      4,
      8,
      14,
      27
    ],
    "back_numbers": [
      5,
      7
    ],
    "prize_pool": "913,546,495.84",
    "sales": "337,646,989",
    "first_prize_num": "5",
    "first_prize_amount": "10,000,000"
  },
  {
    "draw_num": "24042",
    "draw_date": "2024-04-15",
    "front_numbers": [
      1,
      8,
      15,
      23,
      35
    ],
    "back_numbers": [
      5,
      12
    ],
    "prize_pool": "922,909,347.14",
    "sales": "347,841,577",
    "first_prize_num": "3",
    "first_prize_amount": "10,000,000"
  },
  {
    "draw_num": "24041",
    "draw_date": "2024-04-13",
    "front_numbers": [
      6,
      8,
      14,
      16,
      28
    ],
    "back_numbers": [
      3,
      5
    ],
    "prize_pool": "876,124,218.61",
    "sales": "370,223,535",
    "first_prize_num": "10",
    "first_prize_amount": "9,149,915"
  },
  {
    "draw_num": "24040",
    "draw_date": "2024-04-10",
    "front_numbers": [
      5,
      12,
      16,
      29,
      30
    ],
    "back_numbers": [
      3,
      6
    ],
    "prize_pool": "907,166,366.81",
    "sales": "350,033,896",
    "first_prize_num": "7",
    "first_prize_amount": "9,689,751"
  },
  {
    "draw_num": "24039",
    "draw_date": "2024-04-08",
    "front_numbers": [
      3,
      10,
      11,
      20,
      22
    ],
    "back_numbers": [
      6,
      10
    ],
    "prize_pool": "931,378,506.68",
    "sales": "349,193,612",
    "first_prize_num": "5",
    "first_prize_amount": "10,000,000"
  },
  {
    "draw_num": "24038",
    "draw_date": "2024-04-06",
    "front_numbers": [
      15,
      22,
      24,
      25,
      29
    ],
    "back_numbers": [
      1,
      5
    ],
    "prize_pool": "911,253,519.57",
    "sales": "364,876,225",
    "first_prize_num": "7",
    "first_prize_amount": "10,000,000"
  },
  {
    "draw_num": "24037",
    "draw_date": "2024-04-03",
    "front_numbers": [
      17,
      19,
      20,
      29,
      35
    ],
    "back_numbers": [
      7,
      11
    ],
    "prize_pool": "927,354,950.97",
    "sales": "343,086,982",
    "first_prize_num": "5",
    "first_prize_amount": "10,000,000"
  },
  {
    "draw_num": "24036",
    "draw_date": "2024-04-01",
    "front_numbers": [
      2,
      5,
      11,
      32,
      34
    ],
    "back_numbers": [
      6,
      10
    ],
    "prize_pool": "918,965,534.95",
    "sales": "353,073,460",
    "first_prize_num": "5",
    "first_prize_amount": "10,000,000"
  },
  {
    "draw_num": "24035",
    "draw_date": "2024-03-30",
    "front_numbers": [
      5,
      13,
      17,
      29,
      33
    ],
    "back_numbers": [
      5,
      12
    ],
    "prize_pool": "926,324,125.14",
    "sales": "382,184,067",
    "first_prize_num": "5",
    "first_prize_amount": "10,000,000"
  },
  {
    "draw_num": "24034",
    "draw_date": "2024-03-27",
    "front_numbers": [
      23,
      26,
      27,
      29,
      33
    ],
    "back_numbers": [
      5,
      8
    ],
    "prize_pool": "912,961,631.03",
    "sales": "359,904,179",
    "first_prize_num": "5",
    "first_prize_amount": "10,000,000"
  },
  {
    "draw_num": "24033",
    "draw_date": "2024-03-25",
    "front_numbers": [
      4,
      8,
      10,
      11,
      15
    ],
    "back_numbers": [
      7,
      9
    ],
    "prize_pool": "921,716,263.22",
    "sales": "356,750,334",
    "first_prize_num": "3",
    "first_prize_amount": "10,000,000"
  },
  {
    "draw_num": "24032",
    "draw_date": "2024-03-23",
    "front_numbers": [
      5,
      15,
      26,
      33,
      35
    ],
    "back_numbers": [
      1,
      9
    ],
    "prize_pool": "891,308,930.67",
    "sales": "390,395,258",
    "first_prize_num": "4",
    "first_prize_amount": "10,000,000"
  },
  {
    "draw_num": "24031",
    "draw_date": "2024-03-20",
    "front_numbers": [
      9,
      12,
      15,
      30,
      34
    ],
    "back_numbers": [
      5,
      6
    ],
    "prize_pool": "863,917,070.56",
    "sales": "372,883,742",
    "first_prize_num": "2",
    "first_prize_amount": "10,000,000"
  },
  {
    "draw_num": "24030",
    "draw_date": "2024-03-18",
    "front_numbers": [
      8,
      9,
      11,
      19,
      30
    ],
    "back_numbers": [
      6,
      12
    ],
    "prize_pool": "802,701,826.27",
    "sales": "368,415,603",
    "first_prize_num": "5",
    "first_prize_amount": "10,000,000"
  },
  {
    "draw_num": "24029",
    "draw_date": "2024-03-16",
    "front_numbers": [
      4,
      19,
      24,
      28,
      34
    ],
    "back_numbers": [
      4,
      5
    ],
    "prize_pool": "815,798,946.40",
    "sales": "321,907,209",
    "first_prize_num": "3",
    "first_prize_amount": "8,132,033"
  },
  {
    "draw_num": "24028",
    "draw_date": "2024-03-13",
    "front_numbers": [
      13,
      18,
      20,
      26,
      28
    ],
    "back_numbers": [
      4,
      8
    ],
    "prize_pool": "793,751,297.20",
    "sales": "290,304,264",
    "first_prize_num": "7",
    "first_prize_amount": "6,557,970"
  },
  {
    "draw_num": "24027",
    "draw_date": "2024-03-11",
    "front_numbers": [
      8,
      9,
      16,
      22,
      23
    ],
    "back_numbers": [
      7,
      9
    ],
    "prize_pool": "797,510,013.27",
    "sales": "294,174,414",
    "first_prize_num": "11",
    "first_prize_amount": "6,990,402"
  },
  {
    "draw_num": "24026",
    "draw_date": "2024-03-09",
    "front_numbers": [
      1,
      18,
      21,
      26,
      33
    ],
    "back_numbers": [
      2,
      12
    ],
    "prize_pool": "855,790,631.47",
    "sales": "309,482,982",
    "first_prize_num": "2",
    "first_prize_amount": "10,000,000"
  },
  {
    "draw_num": "24025",
    "draw_date": "2024-03-06",
    "front_numbers": [
      1,
      2,
      8,
      18,
      27
    ],
    "back_numbers": [
      4,
      8
    ],
    "prize_pool": "803,788,990.65",
    "sales": "287,737,493",
    "first_prize_num": "1",
    "first_prize_amount": "10,000,000"
  },
  {
    "draw_num": "24024",
    "draw_date": "2024-03-04",
    "front_numbers": [
      3,
      5,
      12,
      17,
      26
    ],
    "back_numbers": [
      1,
      12
    ],
    "prize_pool": "755,385,806.93",
    "sales": "288,745,840",
    "first_prize_num": "3",
    "first_prize_amount": "8,798,252"
  },
  {
    "draw_num": "24023",
    "draw_date": "2024-03-02",
    "front_numbers": [
      8,
      10,
      12,
      14,
      22
    ],
    "back_numbers": [
      5,
      9
    ],
    "prize_pool": "732,529,067.80",
    "sales": "310,377,214",
    "first_prize_num": "6",
    "first_prize_amount": "7,312,943"
  },
  {
    "draw_num": "24022",
    "draw_date": "2024-02-28",
    "front_numbers": [
      7,
      9,
      11,
      31,
      32
    ],
    "back_numbers": [
      4,
      8
    ],
    "prize_pool": "722,283,850.98",
    "sales": "285,993,558",
    "first_prize_num": "5",
    "first_prize_amount": "7,000,760"
  },
  {
    "draw_num": "24021",
    "draw_date": "2024-02-26",
    "front_numbers": [
      1,
      12,
      16,
      20,
      28
    ],
    "back_numbers": [
      7,
      9
    ],
    "prize_pool": "717,631,060",
    "sales": "282,070,714",
    "first_prize_num": "21",
    "first_prize_amount": "5,982,202"
  },
  {
    "draw_num": "24020",
    "draw_date": "2024-02-24",
    "front_numbers": [
      2,
      4,
      8,
      19,
      26
    ],
    "back_numbers": [
      2,
      6
    ],
    "prize_pool": "878,719,861.04",
    "sales": "294,279,472",
    "first_prize_num": "4",
    "first_prize_amount": "10,000,000"
  },
  {
    "draw_num": "24019",
    "draw_date": "2024-02-21",
    "front_numbers": [
      19,
      20,
      26,
      29,
      30
    ],
    "back_numbers": [
      3,
      4
    ],
    "prize_pool": "871,199,740.84",
    "sales": "269,021,669",
    "first_prize_num": "6",
    "first_prize_amount": "8,217,484"
  },
  {
    "draw_num": "24018",
    "draw_date": "2024-02-19",
    "front_numbers": [
      4,
      12,
      19,
      25,
      27
    ],
    "back_numbers": [
      1,
      9
    ],
    "prize_pool": "900,623,259.85",
    "sales": "298,212,980",
    "first_prize_num": "6",
    "first_prize_amount": "10,000,000"
  },
  {
    "draw_num": "24017",
    "draw_date": "2024-02-07",
    "front_numbers": [
      3,
      7,
      25,
      27,
      35
    ],
    "back_numbers": [
      1,
      4
    ],
    "prize_pool": "914,830,111.39",
    "sales": "347,010,224",
    "first_prize_num": "0",
    "first_prize_amount": "---"
  },
  {
    "draw_num": "24016",
    "draw_date": "2024-02-05",
    "front_numbers": [
      15,
      18,
      25,
      27,
      29
    ],
    "back_numbers": [
      6,
      11
    ],
    "prize_pool": "836,640,938.18",
    "sales": "291,609,488",
    "first_prize_num": "4",
    "first_prize_amount": "10,000,000"
  },
  {
    "draw_num": "24015",
    "draw_date": "2024-02-03",
    "front_numbers": [
      8,
      11,
      14,
      24,
      31
    ],
    "back_numbers": [
      5,
      6
    ],
    "prize_pool": "832,704,685.87",
    "sales": "293,435,107",
    "first_prize_num": "15",
    "first_prize_amount": "6,784,841"
  },
  {
    "draw_num": "24014",
    "draw_date": "2024-01-31",
    "front_numbers": [
      4,
      5,
      16,
      21,
      31
    ],
    "back_numbers": [
      9,
      11
    ],
    "prize_pool": "899,112,802.19",
    "sales": "277,054,139",
    "first_prize_num": "3",
    "first_prize_amount": "10,000,000"
  },
  {
    "draw_num": "24013",
    "draw_date": "2024-01-29",
    "front_numbers": [
      5,
      22,
      25,
      28,
      30
    ],
    "back_numbers": [
      3,
      12
    ],
    "prize_pool": "867,748,199.06",
    "sales": "273,865,726",
    "first_prize_num": "10",
    "first_prize_amount": "7,927,899"
  },
  {
    "draw_num": "24012",
    "draw_date": "2024-01-27",
    "front_numbers": [
      21,
      22,
      25,
      26,
      34
    ],
    "back_numbers": [
      1,
      9
    ],
    "prize_pool": "906,728,561.85",
    "sales": "302,400,695",
    "first_prize_num": "0",
    "first_prize_amount": "---"
  },
  {
    "draw_num": "24011",
    "draw_date": "2024-01-24",
    "front_numbers": [
      1,
      3,
      27,
      32,
      34
    ],
    "back_numbers": [
      1,
      7
    ],
    "prize_pool": "826,914,378.92",
    "sales": "278,088,460",
    "first_prize_num": "4",
    "first_prize_amount": "10,000,000"
  },
  {
    "draw_num": "24010",
    "draw_date": "2024-01-22",
    "front_numbers": [
      2,
      8,
      10,
      15,
      27
    ],
    "back_numbers": [
      2,
      8
    ],
    "prize_pool": "823,023,677.61",
    "sales": "277,288,880",
    "first_prize_num": "8",
    "first_prize_amount": "7,815,815"
  },
  {
    "draw_num": "24009",
    "draw_date": "2024-01-20",
    "front_numbers": [
      15,
      18,
      19,
      24,
      26
    ],
    "back_numbers": [
      5,
      9
    ],
    "prize_pool": "855,885,855.27",
    "sales": "310,609,197",
    "first_prize_num": "2",
    "first_prize_amount": "10,000,000"
  },
  {
    "draw_num": "24008",
    "draw_date": "2024-01-17",
    "front_numbers": [
      4,
      6,
      11,
      20,
      30
    ],
    "back_numbers": [
      3,
      5
    ],
    "prize_pool": "813,246,230.28",
    "sales": "290,297,440",
    "first_prize_num": "6",
    "first_prize_amount": "9,547,905"
  },
  {
    "draw_num": "24007",
    "draw_date": "2024-01-15",
    "front_numbers": [
      4,
      5,
      28,
      34,
      35
    ],
    "back_numbers": [
      4,
      11
    ],
    "prize_pool": "831,890,342.51",
    "sales": "295,347,811",
    "first_prize_num": "12",
    "first_prize_amount": "7,361,176"
  },
  {
    "draw_num": "24006",
    "draw_date": "2024-01-13",
    "front_numbers": [
      8,
      13,
      16,
      17,
      33
    ],
    "back_numbers": [
      2,
      10
    ],
    "prize_pool": "881,907,619.04",
    "sales": "317,993,801",
    "first_prize_num": "6",
    "first_prize_amount": "10,000,000"
  },
  {
    "draw_num": "24005",
    "draw_date": "2024-01-10",
    "front_numbers": [
      3,
      5,
      7,
      9,
      12
    ],
    "back_numbers": [
      5,
      8
    ],
    "prize_pool": "891,647,287.70",
    "sales": "296,118,578",
    "first_prize_num": "15",
    "first_prize_amount": "6,259,584"
  },
  {
    "draw_num": "24004",
    "draw_date": "2024-01-08",
    "front_numbers": [
      2,
      6,
      18,
      19,
      27
    ],
    "back_numbers": [
      8,
      9
    ],
    "prize_pool": "966,373,899.80",
    "sales": "293,740,320",
    "first_prize_num": "10",
    "first_prize_amount": "6,632,781"
  },
  {
    "draw_num": "24003",
    "draw_date": "2024-01-06",
    "front_numbers": [
      7,
      9,
      12,
      23,
      29
    ],
    "back_numbers": [
      1,
      2
    ],
    "prize_pool": "1,033,378,430.70",
    "sales": "316,688,194",
    "first_prize_num": "9",
    "first_prize_amount": "7,766,564"
  },
  {
    "draw_num": "24002",
    "draw_date": "2024-01-03",
    "front_numbers": [
      1,
      6,
      8,
      27,
      32
    ],
    "back_numbers": [
      3,
      4
    ],
    "prize_pool": "1,075,477,263.08",
    "sales": "287,934,747",
    "first_prize_num": "7",
    "first_prize_amount": "8,971,726"
  },
  {
    "draw_num": "24001",
    "draw_date": "2024-01-01",
    "front_numbers": [
      3,
      9,
      17,
      26,
      35
    ],
    "back_numbers": [
      2,
      7
    ],
    "prize_pool": "1,097,128,760.99",
    "sales": "288,568,779",
    "first_prize_num": "7",
    "first_prize_amount": "8,913,873"
  },
  {
    "draw_num": "23150",
    "draw_date": "2023-12-30",
    "front_numbers": [
      5,
      6,
      17,
      18,
      33
    ],
    "back_numbers": [
      11,
      12
    ],
    "prize_pool": "1,123,526,130.91",
    "sales": "314,687,875",
    "first_prize_num": "4",
    "first_prize_amount": "10,000,000"
  },
  {
    "draw_num": "23149",
    "draw_date": "2023-12-27",
    "front_numbers": [
      1,
      16,
      17,
      21,
      29
    ],
    "back_numbers": [
      1,
      6
    ],
    "prize_pool": "1,103,823,972.69",
    "sales": "287,474,518",
    "first_prize_num": "6",
    "first_prize_amount": "9,555,249"
  },
  {
    "draw_num": "23148",
    "draw_date": "2023-12-25",
    "front_numbers": [
      11,
      12,
      20,
      21,
      27
    ],
    "back_numbers": [
      2,
      12
    ],
    "prize_pool": "1,124,396,079.82",
    "sales": "288,709,459",
    "first_prize_num": "6",
    "first_prize_amount": "10,000,000"
  },
  {
    "draw_num": "23147",
    "draw_date": "2023-12-23",
    "front_numbers": [
      6,
      7,
      19,
      33,
      34
    ],
    "back_numbers": [
      3,
      8
    ],
    "prize_pool": "1,139,271,874.99",
    "sales": "300,086,203",
    "first_prize_num": "5",
    "first_prize_amount": "10,000,000"
  },
  {
    "draw_num": "23146",
    "draw_date": "2023-12-20",
    "front_numbers": [
      14,
      18,
      19,
      26,
      31
    ],
    "back_numbers": [
      2,
      7
    ],
    "prize_pool": "1,149,841,280.50",
    "sales": "283,511,398",
    "first_prize_num": "5",
    "first_prize_amount": "10,000,000"
  },
  {
    "draw_num": "23145",
    "draw_date": "2023-12-18",
    "front_numbers": [
      6,
      10,
      12,
      32,
      33
    ],
    "back_numbers": [
      6,
      7
    ],
    "prize_pool": "1,141,903,902.28",
    "sales": "281,788,090",
    "first_prize_num": "3",
    "first_prize_amount": "10,000,000"
  }
]