[
  {
    "draw_num": "17135",
    "draw_date": "2017-11-18",
    "front_numbers": [
      1,
      12,
      15,
      19,
      22
    ],
    "back_numbers": [
      2,
      4
    ],
    "prize_pool": "4,403,766,719.35",
    "sales": "228,099,000",
    "first_prize_num": "111",
    "first_prize_amount": "7,488"
  },
  {
    "draw_num": "17134",
    "draw_date": "2017-11-15",
    "front_numbers": [
      7,
      18,
      19,
      32,
      34
    ],
    "back_numbers": [
      2,
      10
    ],
    "prize_pool": "4,384,046,233.10",
    "sales": "209,089,016",
    "first_prize_num": "251",
    "first_prize_amount": "2,686"
  },
  {
    "draw_num": "17133",
    "draw_date": "2017-11-13",
    "front_numbers": [
      15,
      17,
      19,
      32,
      33
    ],
    "back_numbers": [
      1,
      3
    ],
    "prize_pool": "4,363,865,130.97",
    "sales": "205,369,201",
    "first_prize_num": "159",
    "first_prize_amount": "4,913"
  },
  {
    "draw_num": "17132",
    "draw_date": "2017-11-11",
    "front_numbers": [
      11,
      17,
      23,
      26,
      27
    ],
    "back_numbers": [
      1,
      10
    ],
    "prize_pool": "4,314,342,249.60",
    "sales": "228,286,369",
    "first_prize_num": "693",
    "first_prize_amount": "2,214"
  },
  {
    "draw_num": "17131",
    "draw_date": "2017-11-08",
    "front_numbers": [
      3,
      5,
      8,
      19,
      34
    ],
    "back_numbers": [
      1,
      12
    ],
    "prize_pool": "4,276,365,066.49",
    "sales": "209,769,933",
    "first_prize_num": "208",
    "first_prize_amount": "2,915"
  },
  {
    "draw_num": "17130",
    "draw_date": "2017-11-06",
    "front_numbers": [
      5,
      18,
      28,
      33,
      34
    ],
    "back_numbers": [
      3,
      4
    ],
    "prize_pool": "4,269,462,536.11",
    "sales": "205,281,738",
    "first_prize_num": "241",
    "first_prize_amount": "4,014"
  },
  {
    "draw_num": "17129",
    "draw_date": "2017-11-04",
    "front_numbers": [
      5,
      17,
      20,
      32,
      33
    ],
    "back_numbers": [
      4,
      9
    ],
    "prize_pool": "4,234,584,571.14",
    "sales": "221,400,965",
    "first_prize_num": "497",
    "first_prize_amount": "1,099"
  },
  {
    "draw_num": "17128",
    "draw_date": "2017-11-01",
    "front_numbers": [
      9,
      11,
      13,
      18,
      33
    ],
    "back_numbers": [
      2,
      3
    ],
    "prize_pool": "4,236,702,290.25",
    "sales": "210,460,163",
    "first_prize_num": "158",
    "first_prize_amount": "5,793"
  },
  {
    "draw_num": "17127",
    "draw_date": "2017-10-30",
    "front_numbers": [
      2,
      15,
      18,
      21,
      22
    ],
    "back_numbers": [
      3,
      10
    ],
    "prize_pool": "4,224,508,242.85",
    "sales": "202,014,185",
    "first_prize_num": "279",
    "first_prize_amount": "1,591"
  },
  {
    "draw_num": "17126",
    "draw_date": "2017-10-28",
    "front_numbers": [
      3,
      4,
      13,
      24,
      33
    ],
    "back_numbers": [
      1,
      11
    ],
    "prize_pool": "4,291,619,493.61",
    "sales": "224,742,436",
    "first_prize_num": "175",
    "first_prize_amount": "4,750"
  },
  {
    "draw_num": "17125",
    "draw_date": "2017-10-25",
    "front_numbers": [
      7,
      11,
      18,
      26,
      28
    ],
    "back_numbers": [
      4,
      5
    ],
    "prize_pool": "4,275,162,353.38",
    "sales": "202,527,987",
    "first_prize_num": "703",
    "first_prize_amount": "900"
  },
  {
    "draw_num": "17124",
    "draw_date": "2017-10-23",
    "front_numbers": [
      3,
      29,
      30,
      32,
      35
    ],
    "back_numbers": [
      3,
      8
    ],
    "prize_pool": "4,351,880,934.91",
    "sales": "201,634,459",
    "first_prize_num": "255",
    "first_prize_amount": "2,604"
  },
  {
    "draw_num": "17123",
    "draw_date": "2017-10-21",
    "front_numbers": [
      3,
      15,
      23,
      26,
      32
    ],
    "back_numbers": [
      1,
      12
    ],
    "prize_pool": "4,318,722,376.23",
    "sales": "224,279,189",
    "first_prize_num": "154",
    "first_prize_amount": "6,226"
  },
  {
    "draw_num": "17122",
    "draw_date": "2017-10-18",
    "front_numbers": [
      3,
      12,
      18,
      29,
      34
    ],
    "back_numbers": [
      3,
      11
    ],
    "prize_pool": "4,284,527,224.27",
    "sales": "204,853,140",
    "first_prize_num": "570",
    "first_prize_amount": "1,894"
  },
  {
    "draw_num": "17121",
    "draw_date": "2017-10-16",
    "front_numbers": [
      1,
      6,
      12,
      26,
      31
    ],
    "back_numbers": [
      1,
      7
    ],
    "prize_pool": "4,271,765,199.07",
    "sales": "199,583,003",
    "first_prize_num": "206",
    "first_prize_amount": "4,008"
  },
  {
    "draw_num": "17120",
    "draw_date": "2017-10-14",
    "front_numbers": [
      8,
      15,
      24,
      26,
      27
    ],
    "back_numbers": [
      5,
      6
    ],
    "prize_pool": "4,223,045,066.72",
    "sales": "216,330,390",
    "first_prize_num": "522",
    "first_prize_amount": "1,207"
  },
  {
    "draw_num": "17119",
    "draw_date": "2017-10-11",
    "front_numbers": [
      5,
      7,
      13,
      29,
      35
    ],
    "back_numbers": [
      3,
      8
    ],
    "prize_pool": "4,247,472,952.64",
    "sales": "197,391,000",
    "first_prize_num": "214",
    "first_prize_amount": "3,610"
  },
  {
    "draw_num": "17118",
    "draw_date": "2017-10-09",
    "front_numbers": [
      2,
      7,
      16,
      20,
      33
    ],
    "back_numbers": [
      3,
      11
    ],
    "prize_pool": "4,252,457,950.64",
    "sales": "195,121,929",
    "first_prize_num": "318",
    "first_prize_amount": "3,144"
  },
  {
    "draw_num": "17117",
    "draw_date": "2017-10-07",
    "front_numbers": [
      5,
      7,
      9,
      24,
      32
    ],
    "back_numbers": [
      8,
      10
    ],
    "prize_pool": "4,307,581,838.48",
    "sales": "207,881,694",
    "first_prize_num": "185",
    "first_prize_amount": "3,264"
  },
  {
    "draw_num": "17116",
    "draw_date": "2017-10-04",
    "front_numbers": [
      2,
      27,
      30,
      32,
      33
    ],
    "back_numbers": [
      1,
      3
    ],
    "prize_pool": "4,309,435,912.43",
    "sales": "172,984,540",
    "first_prize_num": "182",
    "first_prize_amount": "3,696"
  },
  {
    "draw_num": "17115",
    "draw_date": "2017-10-02",
    "front_numbers": [
      14,
      19,
      20,
      25,
      31
    ],
    "back_numbers": [
      6,
      8
    ],
    "prize_pool": "4,288,831,778.98",
    "sales": "175,963,547",
    "first_prize_num": "219",
    "first_prize_amount": "2,559"
  },
  {
    "draw_num": "17114",
    "draw_date": "2017-09-30",
    "front_numbers": [
      6,
      7,
      12,
      18,
      23
    ],
    "back_numbers": [
      1,
      12
    ],
    "prize_pool": "4,288,325,250.21",
    "sales": "221,457,669",
    "first_prize_num": "212",
    "first_prize_amount": "5,138"
  },
  {
    "draw_num": "17113",
    "draw_date": "2017-09-27",
    "front_numbers": [
      5,
      8,
      17,
      18,
      23
    ],
    "back_numbers": [
      4,
      12
    ],
    "prize_pool": "4,238,842,403.10",
    "sales": "202,181,819",
    "first_prize_num": "570",
    "first_prize_amount": "1,265"
  },
  {
    "draw_num": "17112",
    "draw_date": "2017-09-25",
    "front_numbers": [
      5,
      6,
      20,
      31,
      32
    ],
    "back_numbers": [
      6,
      12
    ],
    "prize_pool": "4,270,235,999.62",
    "sales": "199,283,910",
    "first_prize_num": "150",
    "first_prize_amount": "4,215"
  },
  {
    "draw_num": "17111",
    "draw_date": "2017-09-23",
    "front_numbers": [
      2,
      14,
      17,
      26,
      34
    ],
    "back_numbers": [
      8,
      12
    ],
    "prize_pool": "4,289,815,823.69",
    "sales": "220,140,489",
    "first_prize_num": "197",
    "first_prize_amount": "4,975"
  },
  {
    "draw_num": "17110",
    "draw_date": "2017-09-20",
    "front_numbers": [
      10,
      14,
      20,
      21,
      35
    ],
    "back_numbers": [
      2,
      5
    ],
    "prize_pool": "4,252,044,900.23",
    "sales": "201,794,687",
    "first_prize_num": "369",
    "first_prize_amount": "1,997"
  },
  {
    "draw_num": "17109",
    "draw_date": "2017-09-18",
    "front_numbers": [
      6,
      9,
      19,
      26,
      34
    ],
    "back_numbers": [
      5,
      7
    ],
    "prize_pool": "4,242,085,787.76",
    "sales": "202,094,126",
    "first_prize_num": "313",
    "first_prize_amount": "2,031"
  },
  {
    "draw_num": "17108",
    "draw_date": "2017-09-16",
    "front_numbers": [
      1,
      4,
      15,
      21,
      22
    ],
    "back_numbers": [
      4,
      9
    ],
    "prize_pool": "4,268,598,635.95",
    "sales": "224,635,006",
    "first_prize_num": "427",
    "first_prize_amount": "2,695"
  },
  {
    "draw_num": "17107",
    "draw_date": "2017-09-13",
    "front_numbers": [
      4,
      10,
      19,
      25,
      27
    ],
    "back_numbers": [
      6,
      12
    ],
    "prize_pool": "4,256,486,298.74",
    "sales": "203,030,002",
    "first_prize_num": "276",
    "first_prize_amount": "2,855"
  },
  {
    "draw_num": "17106",
    "draw_date": "2017-09-11",
    "front_numbers": [
      9,
      12,
      18,
      23,
      29
    ],
    "back_numbers": [
      2,
      4
    ],
    "prize_pool": "4,239,006,390.50",
    "sales": "201,806,989",
    "first_prize_num": "175",
    "first_prize_amount": "4,077"
  },
  {
    "draw_num": "17105",
    "draw_date": "2017-09-09",
    "front_numbers": [
      4,
      15,
      22,
      24,
      32
    ],
    "back_numbers": [
      2,
      9
    ],
    "prize_pool": "4,224,981,559.54",
    "sales": "224,525,720",
    "first_prize_num": "197",
    "first_prize_amount": "4,003"
  },
  {
    "draw_num": "17104",
    "draw_date": "2017-09-06",
    "front_numbers": [
      9,
      11,
      22,
      27,
      30
    ],
    "back_numbers": [
      9,
      11
    ],
    "prize_pool": "4,191,982,211.19",
    "sales": "200,139,054",
    "first_prize_num": "798",
    "first_prize_amount": "900"
  },
  {
    "draw_num": "17103",
    "draw_date": "2017-09-04",
    "front_numbers": [
      4,
      19,
      20,
      24,
      29
    ],
    "back_numbers": [
      3,
      4
    ],
    "prize_pool": "4,188,619,607.84",
    "sales": "199,164,249",
    "first_prize_num": "221",
    "first_prize_amount": "3,528"
  },
  {
    "draw_num": "17102",
    "draw_date": "2017-09-02",
    "front_numbers": [
      1,
      12,
      23,
      24,
      29
    ],
    "back_numbers": [
      8,
      12
    ],
    "prize_pool": "4,163,837,398.83",
    "sales": "224,707,432",
    "first_prize_num": "157",
    "first_prize_amount": "6,093"
  },
  {
    "draw_num": "17101",
    "draw_date": "2017-08-30",
    "front_numbers": [
      5,
      15,
      21,
      25,
      29
    ],
    "back_numbers": [
      5,
      8
    ],
    "prize_pool": "4,125,812,710.07",
    "sales": "200,305,918",
    "first_prize_num": "690",
    "first_prize_amount": "900"
  },
  {
    "draw_num": "17100",
    "draw_date": "2017-08-28",
    "front_numbers": [
      2,
      5,
      18,
      19,
      31
    ],
    "back_numbers": [
      1,
      9
    ],
    "prize_pool": "4,228,046,475.45",
    "sales": "199,482,458",
    "first_prize_num": "274",
    "first_prize_amount": "2,584"
  },
  {
    "draw_num": "17099",
    "draw_date": "2017-08-26",
    "front_numbers": [
      8,
      9,
      17,
      18,
      24
    ],
    "back_numbers": [
      3,
      7
    ],
    "prize_pool": "4,185,748,073.38",
    "sales": "221,193,415",
    "first_prize_num": "297",
    "first_prize_amount": "2,804"
  },
  {
    "draw_num": "17098",
    "draw_date": "2017-08-23",
    "front_numbers": [
      6,
      9,
      17,
      30,
      35
    ],
    "back_numbers": [
      10,
      11
    ],
    "prize_pool": "4,147,258,197.12",
    "sales": "196,939,620",
    "first_prize_num": "232",
    "first_prize_amount": "2,931"
  },
  {
    "draw_num": "17097",
    "draw_date": "2017-08-21",
    "front_numbers": [
      7,
      14,
      19,
      22,
      34
    ],
    "back_numbers": [
      7,
      12
    ],
    "prize_pool": "4,126,211,909.27",
    "sales": "196,473,148",
    "first_prize_num": "259",
    "first_prize_amount": "2,908"
  },
  {
    "draw_num": "17096",
    "draw_date": "2017-08-19",
    "front_numbers": [
      3,
      7,
      9,
      17,
      28
    ],
    "back_numbers": [
      4,
      12
    ],
    "prize_pool": "4,090,375,934.88",
    "sales": "208,897,903",
    "first_prize_num": "191",
    "first_prize_amount": "3,844"
  },
  {
    "draw_num": "17095",
    "draw_date": "2017-08-16",
    "front_numbers": [
      15,
      32,
      33,
      34,
      35
    ],
    "back_numbers": [
      3,
      12
    ],
    "prize_pool": "4,049,665,155.53",
    "sales": "201,396,755",
    "first_prize_num": "840",
    "first_prize_amount": "900"
  },
  {
    "draw_num": "17094",
    "draw_date": "2017-08-14",
    "front_numbers": [
      3,
      5,
      8,
      29,
      33
    ],
    "back_numbers": [
      4,
      8
    ],
    "prize_pool": "4,085,529,699.07",
    "sales": "199,415,092",
    "first_prize_num": "282",
    "first_prize_amount": "2,104"
  },
  {
    "draw_num": "17093",
    "draw_date": "2017-08-12",
    "front_numbers": [
      5,
      6,
      17,
      21,
      29
    ],
    "back_numbers": [
      2,
      4
    ],
    "prize_pool": "4,092,641,538.01",
    "sales": "221,236,141",
    "first_prize_num": "236",
    "first_prize_amount": "3,721"
  },
  {
    "draw_num": "17092",
    "draw_date": "2017-08-09",
    "front_numbers": [
      3,
      7,
      9,
      17,
      34
    ],
    "back_numbers": [
      4,
      5
    ],
    "prize_pool": "4,088,257,898.69",
    "sales": "195,744,671",
    "first_prize_num": "238",
    "first_prize_amount": "2,387"
  },
  {
    "draw_num": "17091",
    "draw_date": "2017-08-07",
    "front_numbers": [
      1,
      5,
      7,
      16,
      19
    ],
    "back_numbers": [
      3,
      12
    ],
    "prize_pool": "4,051,343,402.10",
    "sales": "195,484,927",
    "first_prize_num": "170",
    "first_prize_amount": "3,741"
  },
  {
    "draw_num": "17090",
    "draw_date": "2017-08-05",
    "front_numbers": [
      3,
      6,
      15,
      22,
      35
    ],
    "back_numbers": [
      9,
      11
    ],
    "prize_pool": "4,007,843,515.18",
    "sales": "213,149,992",
    "first_prize_num": "151",
    "first_prize_amount": "4,751"
  },
  {
    "draw_num": "17089",
    "draw_date": "2017-08-02",
    "front_numbers": [
      3,
      5,
      6,
      15,
      18
    ],
    "back_numbers": [
      3,
      10
    ],
    "prize_pool": "3,963,658,496.87",
    "sales": "195,804,666",
    "first_prize_num": "379",
    "first_prize_amount": "1,778"
  },
  {
    "draw_num": "17088",
    "draw_date": "2017-07-31",
    "front_numbers": [
      5,
      28,
      31,
      34,
      35
    ],
    "back_numbers": [
      8,
      9
    ],
    "prize_pool": "3,970,858,479.61",
    "sales": "197,682,581",
    "first_prize_num": "181",
    "first_prize_amount": "3,600"
  },
  {
    "draw_num": "17087",
    "draw_date": "2017-07-29",
    "front_numbers": [
      3,
      14,
      21,
      29,
      35
    ],
    "back_numbers": [
      2,
      6
    ],
    "prize_pool": "3,955,355,946.09",
    "sales": "217,653,411",
    "first_prize_num": "233",
    "first_prize_amount": "2,921"
  },
  {
    "draw_num": "17086",
    "draw_date": "2017-07-26",
    "front_numbers": [
      12,
      15,
      18,
      22,
      31
    ],
    "back_numbers": [
      1,
      8
    ],
    "prize_pool": "3,912,253,586.30",
    "sales": "197,778,070",
    "first_prize_num": "363",
    "first_prize_amount": "1,802"
  },
  {
    "draw_num": "17085",
    "draw_date": "2017-07-24",
    "front_numbers": [
      9,
      13,
      14,
      25,
      30
    ],
    "back_numbers": [
      2,
      5
    ],
    "prize_pool": "3,965,099,359.07",
    "sales": "196,537,555",
    "first_prize_num": "293",
    "first_prize_amount": "2,017"
  },
  {
    "draw_num": "17084",
    "draw_date": "2017-07-22",
    "front_numbers": [
      6,
      11,
      14,
      21,
      31
    ],
    "back_numbers": [
      9,
      12
    ],
    "prize_pool": "3,995,626,666.61",
    "sales": "212,546,263",
    "first_prize_num": "199",
    "first_prize_amount": "4,893"
  },
  {
    "draw_num": "17083",
    "draw_date": "2017-07-19",
    "front_numbers": [
      2,
      5,
      14,
      22,
      34
    ],
    "back_numbers": [
      3,
      9
    ],
    "prize_pool": "3,942,194,218.71",
    "sales": "196,082,394",
    "first_prize_num": "192",
    "first_prize_amount": "3,438"
  },
  {
    "draw_num": "17082",
    "draw_date": "2017-07-17",
    "front_numbers": [
      5,
      13,
      20,
      21,
      25
    ],
    "back_numbers": [
      8,
      9
    ],
    "prize_pool": "3,905,756,158.91",
    "sales": "195,165,466",
    "first_prize_num": "160",
    "first_prize_amount": "4,737"
  },
  {
    "draw_num": "17081",
    "draw_date": "2017-07-15",
    "front_numbers": [
      2,
      12,
      15,
      20,
      34
    ],
    "back_numbers": [
      1,
      6
    ],
    "prize_pool": "3,886,662,218.90",
    "sales": "214,440,906",
    "first_prize_num": "148",
    "first_prize_amount": "5,083"
  },
  {
    "draw_num": "17080",
    "draw_date": "2017-07-12",
    "front_numbers": [
      8,
      10,
      21,
      30,
      31
    ],
    "back_numbers": [
      2,
      5
    ],
    "prize_pool": "3,863,295,763.44",
    "sales": "195,562,828",
    "first_prize_num": "159",
    "first_prize_amount": "4,556"
  },
  {
    "draw_num": "17079",
    "draw_date": "2017-07-10",
    "front_numbers": [
      1,
      17,
      19,
      32,
      33
    ],
    "back_numbers": [
      2,
      11
    ],
    "prize_pool": "3,858,398,294.90",
    "sales": "195,650,788",
    "first_prize_num": "347",
    "first_prize_amount": "2,241"
  },
  {
    "draw_num": "17078",
    "draw_date": "2017-07-08",
    "front_numbers": [
      4,
      5,
      27,
      31,
      34
    ],
    "back_numbers": [
      3,
      6
    ],
    "prize_pool": "3,885,958,972.06",
    "sales": "215,807,962",
    "first_prize_num": "214",
    "first_prize_amount": "3,868"
  },
  {
    "draw_num": "17077",
    "draw_date": "2017-07-05",
    "front_numbers": [
      1,
      3,
      4,
      25,
      31
    ],
    "back_numbers": [
      6,
      9
    ],
    "prize_pool": "3,854,394,416.02",
    "sales": "199,482,288",
    "first_prize_num": "271",
    "first_prize_amount": "2,998"
  },
  {
    "draw_num": "17076",
    "draw_date": "2017-07-03",
    "front_numbers": [
      2,
      7,
      25,
      30,
      35
    ],
    "back_numbers": [
      7,
      12
    ],
    "prize_pool": "3,809,067,958.93",
    "sales": "200,022,206",
    "first_prize_num": "292",
    "first_prize_amount": "2,630"
  },
  {
    "draw_num": "17075",
    "draw_date": "2017-07-01",
    "front_numbers": [
      5,
      11,
      16,
      18,
      35
    ],
    "back_numbers": [
      1,
      6
    ],
    "prize_pool": "3,798,166,893.22",
    "sales": "221,784,822",
    "first_prize_num": "200",
    "first_prize_amount": "5,208"
  },
  {
    "draw_num": "17074",
    "draw_date": "2017-06-28",
    "front_numbers": [
      8,
      10,
      11,
      13,
      17
    ],
    "back_numbers": [
      8,
      11
    ],
    "prize_pool": "3,790,728,402.38",
    "sales": "204,843,047",
    "first_prize_num": "251",
    "first_prize_amount": "3,198"
  },
  {
    "draw_num": "17073",
    "draw_date": "2017-06-26",
    "front_numbers": [
      7,
      18,
      28,
      31,
      33
    ],
    "back_numbers": [
      1,
      2
    ],
    "prize_pool": "3,744,836,916.36",
    "sales": "204,516,994",
    "first_prize_num": "169",
    "first_prize_amount": "5,125"
  },
  {
    "draw_num": "17072",
    "draw_date": "2017-06-24",
    "front_numbers": [
      1,
      3,
      29,
      32,
      34
    ],
    "back_numbers": [
      2,
      5
    ],
    "prize_pool": "3,724,273,122.31",
    "sales": "228,833,631",
    "first_prize_num": "154",
    "first_prize_amount": "6,293"
  },
  {
    "draw_num": "17071",
    "draw_date": "2017-06-21",
    "front_numbers": [
      1,
      4,
      11,
      14,
      33
    ],
    "back_numbers": [
      5,
      7
    ],
    "prize_pool": "3,673,649,899.17",
    "sales": "210,213,519",
    "first_prize_num": "227",
    "first_prize_amount": "3,269"
  },
  {
    "draw_num": "17070",
    "draw_date": "2017-06-19",
    "front_numbers": [
      6,
      16,
      18,
      26,
      30
    ],
    "back_numbers": [
      2,
      3
    ],
    "prize_pool": "3,663,920,573.44",
    "sales": "207,995,131",
    "first_prize_num": "199",
    "first_prize_amount": "3,542"
  },
  {
    "draw_num": "17069",
    "draw_date": "2017-06-17",
    "front_numbers": [
      10,
      16,
      20,
      23,
      32
    ],
    "back_numbers": [
      8,
      11
    ],
    "prize_pool": "3,655,686,532.80",
    "sales": "228,473,387",
    "first_prize_num": "307",
    "first_prize_amount": "3,405"
  },
  {
    "draw_num": "17068",
    "draw_date": "2017-06-14",
    "front_numbers": [
      7,
      8,
      19,
      24,
      27
    ],
    "back_numbers": [
      6,
      7
    ],
    "prize_pool": "3,622,286,671.83",
    "sales": "209,829,116",
    "first_prize_num": "815",
    "first_prize_amount": "980"
  },
  {
    "draw_num": "17067",
    "draw_date": "2017-06-12",
    "front_numbers": [
      10,
      17,
      18,
      32,
      35
    ],
    "back_numbers": [
      10,
      11
    ],
    "prize_pool": "3,602,210,395.45",
    "sales": "212,851,692",
    "first_prize_num": "289",
    "first_prize_amount": "2,777"
  },
  {
    "draw_num": "17066",
    "draw_date": "2017-06-10",
    "front_numbers": [
      11,
      15,
      23,
      26,
      30
    ],
    "back_numbers": [
      2,
      11
    ],
    "prize_pool": "3,583,202,521.14",
    "sales": "231,593,730",
    "first_prize_num": "253",
    "first_prize_amount": "3,126"
  },
  {
    "draw_num": "17065",
    "draw_date": "2017-06-07",
    "front_numbers": [
      5,
      11,
      12,
      19,
      28
    ],
    "back_numbers": [
      5,
      12
    ],
    "prize_pool": "3,572,736,762.86",
    "sales": "213,256,921",
    "first_prize_num": "490",
    "first_prize_amount": "2,049"
  },
  {
    "draw_num": "17064",
    "draw_date": "2017-06-05",
    "front_numbers": [
      1,
      8,
      20,
      27,
      30
    ],
    "back_numbers": [
      3,
      4
    ],
    "prize_pool": "3,591,742,938.14",
    "sales": "211,131,212",
    "first_prize_num": "202",
    "first_prize_amount": "4,263"
  },
  {
    "draw_num": "17063",
    "draw_date": "2017-06-03",
    "front_numbers": [
      18,
      21,
      22,
      24,
      29
    ],
    "back_numbers": [
      5,
      11
    ],
    "prize_pool": "3,561,778,733.98",
    "sales": "234,932,394",
    "first_prize_num": "753",
    "first_prize_amount": "3,000"
  },
  {
    "draw_num": "17062",
    "draw_date": "2017-05-31",
    "front_numbers": [
      1,
      4,
      6,
      8,
      28
    ],
    "back_numbers": [
      8,
      12
    ],
    "prize_pool": "3,602,783,336.43",
    "sales": "214,270,896",
    "first_prize_num": "753",
    "first_prize_amount": "3,000"
  },
  {
    "draw_num": "17061",
    "draw_date": "2017-05-29",
    "front_numbers": [
      10,
      19,
      23,
      25,
      30
    ],
    "back_numbers": [
      2,
      4
    ],
    "prize_pool": "3,568,226,863.40",
    "sales": "208,653,050",
    "first_prize_num": "469",
    "first_prize_amount": "1,933"
  },
  {
    "draw_num": "17060",
    "draw_date": "2017-05-27",
    "front_numbers": [
      9,
      15,
      20,
      26,
      31
    ],
    "back_numbers": [
      5,
      12
    ],
    "prize_pool": "3,538,189,538.77",
    "sales": "245,007,742",
    "first_prize_num": "3,097",
    "first_prize_amount": "900"
  },
  {
    "draw_num": "17059",
    "draw_date": "2017-05-24",
    "front_numbers": [
      8,
      11,
      13,
      15,
      17
    ],
    "back_numbers": [
      3,
      10
    ],
    "prize_pool": "3,607,004,261.83",
    "sales": "223,675,219",
    "first_prize_num": "320",
    "first_prize_amount": "3,140"
  },
  {
    "draw_num": "17058",
    "draw_date": "2017-05-22",
    "front_numbers": [
      14,
      18,
      20,
      21,
      28
    ],
    "back_numbers": [
      3,
      6
    ],
    "prize_pool": "3,565,690,703.85",
    "sales": "215,638,058",
    "first_prize_num": "661",
    "first_prize_amount": "1,203"
  },
  {
    "draw_num": "17057",
    "draw_date": "2017-05-20",
    "front_numbers": [
      12,
      16,
      19,
      23,
      24
    ],
    "back_numbers": [
      2,
      5
    ],
    "prize_pool": "3,589,910,730.78",
    "sales": "237,458,502",
    "first_prize_num": "333",
    "first_prize_amount": "3,331"
  },
  {
    "draw_num": "17056",
    "draw_date": "2017-05-17",
    "front_numbers": [
      1,
      4,
      24,
      27,
      32
    ],
    "back_numbers": [
      3,
      10
    ],
    "prize_pool": "3,623,470,204.79",
    "sales": "217,496,898",
    "first_prize_num": "420",
    "first_prize_amount": "3,307"
  },
  {
    "draw_num": "17055",
    "draw_date": "2017-05-15",
    "front_numbers": [
      19,
      20,
      22,
      30,
      33
    ],
    "back_numbers": [
      3,
      9
    ],
    "prize_pool": "3,614,943,787.27",
    "sales": "213,671,196",
    "first_prize_num": "320",
    "first_prize_amount": "3,093"
  },
  {
    "draw_num": "17054",
    "draw_date": "2017-05-13",
    "front_numbers": [
      16,
      29,
      30,
      32,
      33
    ],
    "back_numbers": [
      4,
      5
    ],
    "prize_pool": "3,591,834,048.99",
    "sales": "237,276,288",
    "first_prize_num": "336",
    "first_prize_amount": "4,047"
  },
  {
    "draw_num": "17053",
    "draw_date": "2017-05-10",
    "front_numbers": [
      6,
      19,
      20,
      22,
      26
    ],
    "back_numbers": [
      1,
      11
    ],
    "prize_pool": "3,625,148,136.15",
    "sales": "218,610,023",
    "first_prize_num": "445",
    "first_prize_amount": "2,653"
  },
  {
    "draw_num": "17052",
    "draw_date": "2017-05-08",
    "front_numbers": [
      3,
      19,
      24,
      28,
      33
    ],
    "back_numbers": [
      4,
      12
    ],
    "prize_pool": "3,631,157,292.95",
    "sales": "218,340,582",
    "first_prize_num": "821",
    "first_prize_amount": "1,097"
  },
  {
    "draw_num": "17051",
    "draw_date": "2017-05-06",
    "front_numbers": [
      14,
      17,
      18,
      22,
      29
    ],
    "back_numbers": [
      10,
      11
    ],
    "prize_pool": "3,636,318,978.81",
    "sales": "241,560,120",
    "first_prize_num": "294",
    "first_prize_amount": "4,188"
  },
  {
    "draw_num": "17050",
    "draw_date": "2017-05-03",
    "front_numbers": [
      12,
      14,
      17,
      20,
      28
    ],
    "back_numbers": [
      2,
      6
    ],
    "prize_pool": "3,589,897,237.21",
    "sales": "218,534,565",
    "first_prize_num": "343",
    "first_prize_amount": "3,396"
  },
  {
    "draw_num": "17049",
    "draw_date": "2017-05-01",
    "front_numbers": [
      9,
      12,
      14,
      22,
      31
    ],
    "back_numbers": [
      5,
      8
    ],
    "prize_pool": "3,606,049,646.07",
    "sales": "202,400,371",
    "first_prize_num": "691",
    "first_prize_amount": "1,315"
  },
  {
    "draw_num": "17048",
    "draw_date": "2017-04-29",
    "front_numbers": [
      7,
      9,
      13,
      15,
      19
    ],
    "back_numbers": [
      3,
      10
    ],
    "prize_pool": "3,661,625,450.23",
    "sales": "233,285,579",
    "first_prize_num": "426",
    "first_prize_amount": "3,055"
  },
  {
    "draw_num": "17047",
    "draw_date": "2017-04-26",
    "front_numbers": [
      15,
      19,
      32,
      33,
      34
    ],
    "back_numbers": [
      9,
      12
    ],
    "prize_pool": "3,664,460,457.45",
    "sales": "216,534,177",
    "first_prize_num": "577",
    "first_prize_amount": "1,950"
  },
  {
    "draw_num": "17046",
    "draw_date": "2017-04-24",
    "front_numbers": [
      4,
      17,
      20,
      23,
      30
    ],
    "back_numbers": [
      2,
      3
    ],
    "prize_pool": "3,769,992,914.65",
    "sales": "214,822,695",
    "first_prize_num": "559",
    "first_prize_amount": "1,986"
  },
  {
    "draw_num": "17045",
    "draw_date": "2017-04-22",
    "front_numbers": [
      1,
      8,
      11,
      21,
      35
    ],
    "back_numbers": [
      9,
      12
    ],
    "prize_pool": "3,791,214,185.74",
    "sales": "236,182,140",
    "first_prize_num": "259",
    "first_prize_amount": "4,274"
  },
  {
    "draw_num": "17044",
    "draw_date": "2017-04-19",
    "front_numbers": [
      11,
      16,
      17,
      18,
      25
    ],
    "back_numbers": [
      2,
      9
    ],
    "prize_pool": "3,753,218,411.79",
    "sales": "219,158,986",
    "first_prize_num": "380",
    "first_prize_amount": "3,287"
  },
  {
    "draw_num": "17043",
    "draw_date": "2017-04-17",
    "front_numbers": [
      6,
      13,
      22,
      25,
      35
    ],
    "back_numbers": [
      9,
      12
    ],
    "prize_pool": "3,726,032,789.43",
    "sales": "189,775,514",
    "first_prize_num": "244",
    "first_prize_amount": "3,484"
  },
  {
    "draw_num": "17042",
    "draw_date": "2017-04-15",
    "front_numbers": [
      2,
      17,
      31,
      33,
      34
    ],
    "back_numbers": [
      1,
      7
    ],
    "prize_pool": "3,699,831,558.03",
    "sales": "202,920,322",
    "first_prize_num": "215",
    "first_prize_amount": "2,814"
  },
  {
    "draw_num": "17041",
    "draw_date": "2017-04-12",
    "front_numbers": [
      2,
      4,
      6,
      25,
      31
    ],
    "back_numbers": [
      5,
      9
    ],
    "prize_pool": "3,696,768,216.19",
    "sales": "187,473,970",
    "first_prize_num": "161",
    "first_prize_amount": "4,339"
  },
  {
    "draw_num": "17040",
    "draw_date": "2017-04-10",
    "front_numbers": [
      4,
      6,
      10,
      23,
      29
    ],
    "back_numbers": [
      9,
      11
    ],
    "prize_pool": "3,682,847,590.96",
    "sales": "183,016,793",
    "first_prize_num": "283",
    "first_prize_amount": "1,791"
  },
  {
    "draw_num": "17039",
    "draw_date": "2017-04-08",
    "front_numbers": [
      5,
      6,
      14,
      17,
      26
    ],
    "back_numbers": [
      3,
      8
    ],
    "prize_pool": "3,696,565,737.78",
    "sales": "202,116,551",
    "first_prize_num": "560",
    "first_prize_amount": "900"
  },
  {
    "draw_num": "17038",
    "draw_date": "2017-04-05",
    "front_numbers": [
      4,
      5,
      13,
      18,
      27
    ],
    "back_numbers": [
      3,
      9
    ],
    "prize_pool": "3,670,337,332.79",
    "sales": "183,323,685",
    "first_prize_num": "342",
    "first_prize_amount": "2,249"
  },
  {
    "draw_num": "17037",
    "draw_date": "2017-04-03",
    "front_numbers": [
      13,
      15,
      16,
      32,
      34
    ],
    "back_numbers": [
      6,
      11
    ],
    "prize_pool": "3,676,610,111.55",
    "sales": "172,182,359",
    "first_prize_num": "202",
    "first_prize_amount": "2,338"
  },
  {
    "draw_num": "17036",
    "draw_date": "2017-04-01",
    "front_numbers": [
      1,
      4,
      9,
      18,
      33
    ],
    "back_numbers": [
      2,
      5
    ],
    "prize_pool": "3,638,673,625.87",
    "sales": "207,193,403",
    "first_prize_num": "176",
    "first_prize_amount": "3,416"
  }
]