[
  {
    "draw_num": "19128",
    "draw_date": "2019-11-09",
    "front_numbers": [
      20,
      21,
      25,
      34,
      35
    ],
    "back_numbers": [
      3,
      12
    ],
    "prize_pool": "2,137,001,004.60",
    "sales": "322,813,843",
    "first_prize_num": "2",
    "first_prize_amount": "10,000,000"
  },
  {
    "draw_num": "19127",
    "draw_date": "2019-11-06",
    "front_numbers": [
      4,
      7,
      8,
      11,
      16
    ],
    "back_numbers": [
      9,
      11
    ],
    "prize_pool": "2,135,181,960.52",
    "sales": "300,600,530",
    "first_prize_num": "5",
    "first_prize_amount": "10,000,000"
  },
  {
    "draw_num": "19126",
    "draw_date": "2019-11-04",
    "front_numbers": [
      5,
      9,
      16,
      18,
      30
    ],
    "back_numbers": [
      4,
      7
    ],
    "prize_pool": "2,177,652,383.89",
    "sales": "276,082,640",
    "first_prize_num": "10",
    "first_prize_amount": "10,000,000"
  },
  {
    "draw_num": "19125",
    "draw_date": "2019-11-02",
    "front_numbers": [
      5,
      8,
      9,
      14,
      34
    ],
    "back_numbers": [
      2,
      5
    ],
    "prize_pool": "2,290,847,002.80",
    "sales": "298,679,570",
    "first_prize_num": "4",
    "first_prize_amount": "10,000,000"
  },
  {
    "draw_num": "19124",
    "draw_date": "2019-10-30",
    "front_numbers": [
      7,
      17,
      26,
      27,
      30
    ],
    "back_numbers": [
      6,
      12
    ],
    "prize_pool": "2,320,815,917.35",
    "sales": "275,959,410",
    "first_prize_num": "2",
    "first_prize_amount": "10,000,000"
  },
  {
    "draw_num": "19123",
    "draw_date": "2019-10-28",
    "front_numbers": [
      3,
      13,
      15,
      26,
      30
    ],
    "back_numbers": [
      5,
      12
    ],
    "prize_pool": "2,325,632,751.35",
    "sales": "273,397,306",
    "first_prize_num": "6",
    "first_prize_amount": "10,000,000"
  },
  {
    "draw_num": "19122",
    "draw_date": "2019-10-26",
    "front_numbers": [
      5,
      19,
      25,
      31,
      33
    ],
    "back_numbers": [
      10,
      11
    ],
    "prize_pool": "2,388,431,796.56",
    "sales": "289,532,078",
    "first_prize_num": "1",
    "first_prize_amount": "10,000,000"
  },
  {
    "draw_num": "19121",
    "draw_date": "2019-10-23",
    "front_numbers": [
      1,
      2,
      3,
      7,
      17
    ],
    "back_numbers": [
      4,
      10
    ],
    "prize_pool": "2,389,042,428.25",
    "sales": "276,665,665",
    "first_prize_num": "3",
    "first_prize_amount": "10,000,000"
  },
  {
    "draw_num": "19120",
    "draw_date": "2019-10-21",
    "front_numbers": [
      6,
      15,
      17,
      22,
      25
    ],
    "back_numbers": [
      1,
      9
    ],
    "prize_pool": "2,417,531,958.16",
    "sales": "275,763,665",
    "first_prize_num": "4",
    "first_prize_amount": "10,000,000"
  },
  {
    "draw_num": "19119",
    "draw_date": "2019-10-19",
    "front_numbers": [
      3,
      6,
      9,
      23,
      34
    ],
    "back_numbers": [
      2,
      11
    ],
    "prize_pool": "2,450,995,410.67",
    "sales": "296,906,555",
    "first_prize_num": "4",
    "first_prize_amount": "10,000,000"
  },
  {
    "draw_num": "19118",
    "draw_date": "2019-10-16",
    "front_numbers": [
      2,
      3,
      13,
      19,
      26
    ],
    "back_numbers": [
      2,
      3
    ],
    "prize_pool": "2,505,219,108.84",
    "sales": "272,734,633",
    "first_prize_num": "2",
    "first_prize_amount": "10,000,000"
  },
  {
    "draw_num": "19117",
    "draw_date": "2019-10-14",
    "front_numbers": [
      1,
      18,
      21,
      25,
      35
    ],
    "back_numbers": [
      7,
      8
    ],
    "prize_pool": "2,510,705,015.80",
    "sales": "271,077,215",
    "first_prize_num": "4",
    "first_prize_amount": "10,000,000"
  },
  {
    "draw_num": "19116",
    "draw_date": "2019-10-12",
    "front_numbers": [
      2,
      10,
      16,
      21,
      23
    ],
    "back_numbers": [
      2,
      12
    ],
    "prize_pool": "2,540,591,128.72",
    "sales": "297,819,968",
    "first_prize_num": "4",
    "first_prize_amount": "10,000,000"
  },
  {
    "draw_num": "19115",
    "draw_date": "2019-10-09",
    "front_numbers": [
      1,
      18,
      21,
      28,
      32
    ],
    "back_numbers": [
      5,
      12
    ],
    "prize_pool": "2,576,114,778.47",
    "sales": "286,493,206",
    "first_prize_num": "6",
    "first_prize_amount": "10,000,000"
  },
  {
    "draw_num": "19114",
    "draw_date": "2019-09-30",
    "front_numbers": [
      3,
      5,
      7,
      20,
      23
    ],
    "back_numbers": [
      4,
      11
    ],
    "prize_pool": "2,618,860,320.16",
    "sales": "293,032,964",
    "first_prize_num": "3",
    "first_prize_amount": "10,000,000"
  },
  {
    "draw_num": "19113",
    "draw_date": "2019-09-28",
    "front_numbers": [
      3,
      11,
      27,
      34,
      35
    ],
    "back_numbers": [
      1,
      2
    ],
    "prize_pool": "2,630,473,137.64",
    "sales": "311,100,525",
    "first_prize_num": "2",
    "first_prize_amount": "10,000,000"
  },
  {
    "draw_num": "19112",
    "draw_date": "2019-09-25",
    "front_numbers": [
      3,
      10,
      16,
      21,
      33
    ],
    "back_numbers": [
      5,
      6
    ],
    "prize_pool": "2,636,508,288.74",
    "sales": "280,910,162",
    "first_prize_num": "13",
    "first_prize_amount": "10,000,000"
  },
  {
    "draw_num": "19111",
    "draw_date": "2019-09-23",
    "front_numbers": [
      6,
      15,
      20,
      23,
      27
    ],
    "back_numbers": [
      8,
      10
    ],
    "prize_pool": "2,773,019,554.68",
    "sales": "278,838,967",
    "first_prize_num": "4",
    "first_prize_amount": "10,000,000"
  },
  {
    "draw_num": "19110",
    "draw_date": "2019-09-21",
    "front_numbers": [
      1,
      19,
      23,
      24,
      30
    ],
    "back_numbers": [
      4,
      5
    ],
    "prize_pool": "2,796,874,880.24",
    "sales": "304,148,169",
    "first_prize_num": "3",
    "first_prize_amount": "10,000,000"
  },
  {
    "draw_num": "19109",
    "draw_date": "2019-09-18",
    "front_numbers": [
      2,
      7,
      8,
      20,
      25
    ],
    "back_numbers": [
      11,
      12
    ],
    "prize_pool": "2,807,779,066.62",
    "sales": "280,419,217",
    "first_prize_num": "1",
    "first_prize_amount": "10,000,000"
  },
  {
    "draw_num": "19108",
    "draw_date": "2019-09-16",
    "front_numbers": [
      24,
      27,
      28,
      31,
      34
    ],
    "back_numbers": [
      4,
      8
    ],
    "prize_pool": "2,810,944,267.23",
    "sales": "284,940,682",
    "first_prize_num": "2",
    "first_prize_amount": "10,000,000"
  },
  {
    "draw_num": "19107",
    "draw_date": "2019-09-14",
    "front_numbers": [
      5,
      9,
      19,
      27,
      35
    ],
    "back_numbers": [
      2,
      3
    ],
    "prize_pool": "2,814,001,475.61",
    "sales": "293,549,724",
    "first_prize_num": "4",
    "first_prize_amount": "10,000,000"
  },
  {
    "draw_num": "19106",
    "draw_date": "2019-09-11",
    "front_numbers": [
      5,
      8,
      10,
      32,
      35
    ],
    "back_numbers": [
      2,
      10
    ],
    "prize_pool": "2,849,290,614.86",
    "sales": "277,501,958",
    "first_prize_num": "1",
    "first_prize_amount": "10,000,000"
  },
  {
    "draw_num": "19105",
    "draw_date": "2019-09-09",
    "front_numbers": [
      1,
      4,
      9,
      14,
      17
    ],
    "back_numbers": [
      1,
      6
    ],
    "prize_pool": "2,849,032,904.09",
    "sales": "276,792,452",
    "first_prize_num": "2",
    "first_prize_amount": "10,000,000"
  },
  {
    "draw_num": "19104",
    "draw_date": "2019-09-07",
    "front_numbers": [
      2,
      7,
      19,
      22,
      28
    ],
    "back_numbers": [
      3,
      5
    ],
    "prize_pool": "2,854,646,726.46",
    "sales": "307,889,648",
    "first_prize_num": "3",
    "first_prize_amount": "10,000,000"
  },
  {
    "draw_num": "19103",
    "draw_date": "2019-09-04",
    "front_numbers": [
      5,
      12,
      22,
      27,
      32
    ],
    "back_numbers": [
      4,
      7
    ],
    "prize_pool": "2,866,542,333.01",
    "sales": "282,169,207",
    "first_prize_num": "9",
    "first_prize_amount": "10,000,000"
  },
  {
    "draw_num": "19102",
    "draw_date": "2019-09-02",
    "front_numbers": [
      5,
      10,
      15,
      19,
      31
    ],
    "back_numbers": [
      3,
      6
    ],
    "prize_pool": "2,971,122,369.40",
    "sales": "294,439,142",
    "first_prize_num": "1",
    "first_prize_amount": "10,000,000"
  },
  {
    "draw_num": "19101",
    "draw_date": "2019-08-31",
    "front_numbers": [
      5,
      11,
      18,
      19,
      27
    ],
    "back_numbers": [
      5,
      6
    ],
    "prize_pool": "2,965,514,601.49",
    "sales": "317,232,101",
    "first_prize_num": "6",
    "first_prize_amount": "10,000,000"
  },
  {
    "draw_num": "19100",
    "draw_date": "2019-08-28",
    "front_numbers": [
      5,
      8,
      12,
      19,
      21
    ],
    "back_numbers": [
      6,
      11
    ],
    "prize_pool": "3,013,571,194.30",
    "sales": "285,699,001",
    "first_prize_num": "13",
    "first_prize_amount": "10,000,000"
  },
  {
    "draw_num": "19099",
    "draw_date": "2019-08-26",
    "front_numbers": [
      4,
      6,
      18,
      27,
      33
    ],
    "back_numbers": [
      7,
      9
    ],
    "prize_pool": "3,199,540,847.69",
    "sales": "264,966,797",
    "first_prize_num": "19",
    "first_prize_amount": "10,000,000"
  },
  {
    "draw_num": "19098",
    "draw_date": "2019-08-24",
    "front_numbers": [
      13,
      15,
      17,
      19,
      22
    ],
    "back_numbers": [
      3,
      4
    ],
    "prize_pool": "3,413,905,650.77",
    "sales": "283,264,604",
    "first_prize_num": "7",
    "first_prize_amount": "10,000,000"
  },
  {
    "draw_num": "19097",
    "draw_date": "2019-08-21",
    "front_numbers": [
      10,
      17,
      20,
      30,
      35
    ],
    "back_numbers": [
      10,
      12
    ],
    "prize_pool": "3,499,337,220.66",
    "sales": "265,934,781",
    "first_prize_num": "3",
    "first_prize_amount": "10,000,000"
  },
  {
    "draw_num": "19096",
    "draw_date": "2019-08-19",
    "front_numbers": [
      2,
      12,
      22,
      23,
      27
    ],
    "back_numbers": [
      2,
      6
    ],
    "prize_pool": "3,519,455,538.67",
    "sales": "264,716,811",
    "first_prize_num": "1",
    "first_prize_amount": "10,000,000"
  },
  {
    "draw_num": "19095",
    "draw_date": "2019-08-17",
    "front_numbers": [
      3,
      12,
      17,
      19,
      31
    ],
    "back_numbers": [
      2,
      6
    ],
    "prize_pool": "3,519,353,885.34",
    "sales": "285,599,790",
    "first_prize_num": "7",
    "first_prize_amount": "10,000,000"
  },
  {
    "draw_num": "19094",
    "draw_date": "2019-08-14",
    "front_numbers": [
      1,
      12,
      14,
      26,
      27
    ],
    "back_numbers": [
      7,
      9
    ],
    "prize_pool": "3,605,111,819.48",
    "sales": "268,760,225",
    "first_prize_num": "1",
    "first_prize_amount": "10,000,000"
  },
  {
    "draw_num": "19093",
    "draw_date": "2019-08-12",
    "front_numbers": [
      16,
      17,
      26,
      29,
      35
    ],
    "back_numbers": [
      1,
      7
    ],
    "prize_pool": "3,598,377,683.32",
    "sales": "263,591,081",
    "first_prize_num": "9",
    "first_prize_amount": "10,000,000"
  },
  {
    "draw_num": "19092",
    "draw_date": "2019-08-10",
    "front_numbers": [
      2,
      11,
      15,
      27,
      30
    ],
    "back_numbers": [
      2,
      5
    ],
    "prize_pool": "3,693,574,033.39",
    "sales": "282,457,933",
    "first_prize_num": "4",
    "first_prize_amount": "10,000,000"
  },
  {
    "draw_num": "19091",
    "draw_date": "2019-08-07",
    "front_numbers": [
      4,
      13,
      20,
      26,
      28
    ],
    "back_numbers": [
      3,
      12
    ],
    "prize_pool": "3,724,322,762.61",
    "sales": "269,521,488",
    "first_prize_num": "1",
    "first_prize_amount": "10,000,000"
  },
  {
    "draw_num": "19090",
    "draw_date": "2019-08-05",
    "front_numbers": [
      13,
      19,
      28,
      30,
      33
    ],
    "back_numbers": [
      2,
      12
    ],
    "prize_pool": "3,716,328,636.10",
    "sales": "267,395,452",
    "first_prize_num": "2",
    "first_prize_amount": "10,000,000"
  },
  {
    "draw_num": "19089",
    "draw_date": "2019-08-03",
    "front_numbers": [
      9,
      14,
      18,
      33,
      34
    ],
    "back_numbers": [
      3,
      12
    ],
    "prize_pool": "3,719,449,575.77",
    "sales": "297,660,456",
    "first_prize_num": "4",
    "first_prize_amount": "10,000,000"
  },
  {
    "draw_num": "19088",
    "draw_date": "2019-07-31",
    "front_numbers": [
      1,
      5,
      18,
      27,
      33
    ],
    "back_numbers": [
      6,
      8
    ],
    "prize_pool": "3,755,102,164.41",
    "sales": "270,234,407",
    "first_prize_num": "7",
    "first_prize_amount": "10,000,000"
  },
  {
    "draw_num": "19087",
    "draw_date": "2019-07-29",
    "front_numbers": [
      5,
      6,
      18,
      19,
      27
    ],
    "back_numbers": [
      7,
      12
    ],
    "prize_pool": "3,816,395,392.04",
    "sales": "265,658,108",
    "first_prize_num": "10",
    "first_prize_amount": "10,000,000"
  },
  {
    "draw_num": "19086",
    "draw_date": "2019-07-27",
    "front_numbers": [
      5,
      15,
      16,
      28,
      31
    ],
    "back_numbers": [
      2,
      7
    ],
    "prize_pool": "3,904,840,978.20",
    "sales": "288,257,269",
    "first_prize_num": "15",
    "first_prize_amount": "10,000,000"
  },
  {
    "draw_num": "19085",
    "draw_date": "2019-07-24",
    "front_numbers": [
      4,
      5,
      6,
      15,
      26
    ],
    "back_numbers": [
      8,
      11
    ],
    "prize_pool": "4,061,417,388.90",
    "sales": "266,144,001",
    "first_prize_num": "3",
    "first_prize_amount": "10,000,000"
  },
  {
    "draw_num": "19084",
    "draw_date": "2019-07-22",
    "front_numbers": [
      12,
      23,
      25,
      34,
      35
    ],
    "back_numbers": [
      1,
      7
    ],
    "prize_pool": "4,085,660,246.49",
    "sales": "267,484,415",
    "first_prize_num": "2",
    "first_prize_amount": "10,000,000"
  },
  {
    "draw_num": "19083",
    "draw_date": "2019-07-20",
    "front_numbers": [
      17,
      24,
      26,
      28,
      32
    ],
    "back_numbers": [
      7,
      9
    ],
    "prize_pool": "4,096,211,433.05",
    "sales": "292,813,014",
    "first_prize_num": "2",
    "first_prize_amount": "10,000,000"
  },
  {
    "draw_num": "19082",
    "draw_date": "2019-07-17",
    "front_numbers": [
      6,
      18,
      20,
      21,
      31
    ],
    "back_numbers": [
      3,
      4
    ],
    "prize_pool": "4,117,332,392.64",
    "sales": "271,428,141",
    "first_prize_num": "7",
    "first_prize_amount": "10,000,000"
  },
  {
    "draw_num": "19081",
    "draw_date": "2019-07-15",
    "front_numbers": [
      6,
      24,
      26,
      30,
      33
    ],
    "back_numbers": [
      2,
      7
    ],
    "prize_pool": "4,186,160,785.64",
    "sales": "272,912,117",
    "first_prize_num": "3",
    "first_prize_amount": "10,000,000"
  },
  {
    "draw_num": "19080",
    "draw_date": "2019-07-13",
    "front_numbers": [
      5,
      13,
      18,
      19,
      24
    ],
    "back_numbers": [
      2,
      7
    ],
    "prize_pool": "4,212,738,027.93",
    "sales": "296,452,290",
    "first_prize_num": "6",
    "first_prize_amount": "10,000,000"
  },
  {
    "draw_num": "19079",
    "draw_date": "2019-07-10",
    "front_numbers": [
      10,
      13,
      16,
      28,
      35
    ],
    "back_numbers": [
      4,
      5
    ],
    "prize_pool": "4,282,392,620.57",
    "sales": "271,256,673",
    "first_prize_num": "4",
    "first_prize_amount": "10,000,000"
  },
  {
    "draw_num": "19078",
    "draw_date": "2019-07-08",
    "front_numbers": [
      5,
      10,
      21,
      26,
      30
    ],
    "back_numbers": [
      1,
      7
    ],
    "prize_pool": "4,306,208,094.02",
    "sales": "272,470,927",
    "first_prize_num": "0",
    "first_prize_amount": "---"
  },
  {
    "draw_num": "19077",
    "draw_date": "2019-07-06",
    "front_numbers": [
      1,
      15,
      17,
      21,
      33
    ],
    "back_numbers": [
      7,
      10
    ],
    "prize_pool": "4,306,208,094.02",
    "sales": "293,644,337",
    "first_prize_num": "1",
    "first_prize_amount": "10,000,000"
  },
  {
    "draw_num": "19076",
    "draw_date": "2019-07-03",
    "front_numbers": [
      1,
      6,
      11,
      23,
      29
    ],
    "back_numbers": [
      1,
      11
    ],
    "prize_pool": "4,297,766,552.19",
    "sales": "266,685,847",
    "first_prize_num": "5",
    "first_prize_amount": "10,000,000"
  },
  {
    "draw_num": "19075",
    "draw_date": "2019-07-01",
    "front_numbers": [
      5,
      6,
      7,
      11,
      16
    ],
    "back_numbers": [
      2,
      11
    ],
    "prize_pool": "4,329,058,171.28",
    "sales": "264,828,767",
    "first_prize_num": "4",
    "first_prize_amount": "10,000,000"
  },
  {
    "draw_num": "19074",
    "draw_date": "2019-06-29",
    "front_numbers": [
      8,
      9,
      13,
      14,
      34
    ],
    "back_numbers": [
      5,
      7
    ],
    "prize_pool": "4,372,011,525.40",
    "sales": "301,323,048",
    "first_prize_num": "3",
    "first_prize_amount": "10,000,000"
  },
  {
    "draw_num": "19073",
    "draw_date": "2019-06-26",
    "front_numbers": [
      4,
      11,
      19,
      20,
      24
    ],
    "back_numbers": [
      8,
      11
    ],
    "prize_pool": "4,382,364,770.03",
    "sales": "271,821,466",
    "first_prize_num": "2",
    "first_prize_amount": "10,000,000"
  },
  {
    "draw_num": "19072",
    "draw_date": "2019-06-24",
    "front_numbers": [
      2,
      4,
      6,
      9,
      18
    ],
    "back_numbers": [
      7,
      10
    ],
    "prize_pool": "4,390,457,898.50",
    "sales": "269,398,842",
    "first_prize_num": "1",
    "first_prize_amount": "10,000,000"
  },
  {
    "draw_num": "19071",
    "draw_date": "2019-06-22",
    "front_numbers": [
      7,
      13,
      14,
      15,
      22
    ],
    "back_numbers": [
      7,
      11
    ],
    "prize_pool": "4,386,203,653.53",
    "sales": "295,494,008",
    "first_prize_num": "5",
    "first_prize_amount": "10,000,000"
  },
  {
    "draw_num": "19070",
    "draw_date": "2019-06-19",
    "front_numbers": [
      2,
      13,
      15,
      22,
      34
    ],
    "back_numbers": [
      2,
      12
    ],
    "prize_pool": "4,419,628,452.27",
    "sales": "271,071,777",
    "first_prize_num": "1",
    "first_prize_amount": "10,000,000"
  },
  {
    "draw_num": "19069",
    "draw_date": "2019-06-17",
    "front_numbers": [
      8,
      22,
      23,
      33,
      34
    ],
    "back_numbers": [
      4,
      6
    ],
    "prize_pool": "4,409,347,603.61",
    "sales": "277,867,343",
    "first_prize_num": "13",
    "first_prize_amount": "10,000,000"
  },
  {
    "draw_num": "19068",
    "draw_date": "2019-06-15",
    "front_numbers": [
      4,
      5,
      8,
      17,
      27
    ],
    "back_numbers": [
      6,
      11
    ],
    "prize_pool": "4,527,560,332.13",
    "sales": "302,523,734",
    "first_prize_num": "6",
    "first_prize_amount": "10,000,000"
  },
  {
    "draw_num": "19067",
    "draw_date": "2019-06-12",
    "front_numbers": [
      3,
      8,
      11,
      15,
      16
    ],
    "back_numbers": [
      2,
      10
    ],
    "prize_pool": "4,596,914,428.40",
    "sales": "281,702,303",
    "first_prize_num": "6",
    "first_prize_amount": "10,000,000"
  },
  {
    "draw_num": "19066",
    "draw_date": "2019-06-10",
    "front_numbers": [
      4,
      10,
      11,
      18,
      31
    ],
    "back_numbers": [
      5,
      8
    ],
    "prize_pool": "4,639,229,846.44",
    "sales": "272,861,483",
    "first_prize_num": "5",
    "first_prize_amount": "10,000,000"
  },
  {
    "draw_num": "19065",
    "draw_date": "2019-06-08",
    "front_numbers": [
      3,
      8,
      10,
      23,
      27
    ],
    "back_numbers": [
      2,
      12
    ],
    "prize_pool": "4,677,385,384.87",
    "sales": "295,446,062",
    "first_prize_num": "3",
    "first_prize_amount": "10,000,000"
  },
  {
    "draw_num": "19064",
    "draw_date": "2019-06-05",
    "front_numbers": [
      7,
      8,
      13,
      19,
      29
    ],
    "back_numbers": [
      11,
      12
    ],
    "prize_pool": "4,705,583,931.89",
    "sales": "277,172,405",
    "first_prize_num": "0",
    "first_prize_amount": "---"
  },
  {
    "draw_num": "19063",
    "draw_date": "2019-06-03",
    "front_numbers": [
      5,
      8,
      15,
      18,
      21
    ],
    "back_numbers": [
      4,
      8
    ],
    "prize_pool": "4,705,583,931.89",
    "sales": "269,890,522",
    "first_prize_num": "7",
    "first_prize_amount": "10,000,000"
  },
  {
    "draw_num": "19062",
    "draw_date": "2019-06-01",
    "front_numbers": [
      5,
      16,
      23,
      25,
      28
    ],
    "back_numbers": [
      1,
      12
    ],
    "prize_pool": "4,764,031,989.12",
    "sales": "292,876,443",
    "first_prize_num": "5",
    "first_prize_amount": "10,000,000"
  },
  {
    "draw_num": "19061",
    "draw_date": "2019-05-29",
    "front_numbers": [
      1,
      2,
      13,
      14,
      26
    ],
    "back_numbers": [
      5,
      11
    ],
    "prize_pool": "4,808,403,292.26",
    "sales": "272,417,820",
    "first_prize_num": "4",
    "first_prize_amount": "10,000,000"
  },
  {
    "draw_num": "19060",
    "draw_date": "2019-05-27",
    "front_numbers": [
      1,
      11,
      12,
      18,
      21
    ],
    "back_numbers": [
      8,
      10
    ],
    "prize_pool": "4,833,102,718.66",
    "sales": "269,705,099",
    "first_prize_num": "0",
    "first_prize_amount": "---"
  },
  {
    "draw_num": "19059",
    "draw_date": "2019-05-25",
    "front_numbers": [
      7,
      8,
      15,
      27,
      32
    ],
    "back_numbers": [
      8,
      12
    ],
    "prize_pool": "4,833,102,718.66",
    "sales": "301,599,968",
    "first_prize_num": "3",
    "first_prize_amount": "10,000,000"
  },
  {
    "draw_num": "19058",
    "draw_date": "2019-05-22",
    "front_numbers": [
      3,
      10,
      13,
      14,
      32
    ],
    "back_numbers": [
      7,
      11
    ],
    "prize_pool": "4,845,045,371.81",
    "sales": "275,571,204",
    "first_prize_num": "5",
    "first_prize_amount": "10,000,000"
  },
  {
    "draw_num": "19057",
    "draw_date": "2019-05-20",
    "front_numbers": [
      8,
      14,
      16,
      34,
      35
    ],
    "back_numbers": [
      6,
      12
    ],
    "prize_pool": "4,894,582,543.02",
    "sales": "276,199,961",
    "first_prize_num": "3",
    "first_prize_amount": "10,000,000"
  },
  {
    "draw_num": "19056",
    "draw_date": "2019-05-18",
    "front_numbers": [
      1,
      7,
      10,
      12,
      23
    ],
    "back_numbers": [
      6,
      8
    ],
    "prize_pool": "4,915,397,954.52",
    "sales": "305,996,270",
    "first_prize_num": "5",
    "first_prize_amount": "10,000,000"
  },
  {
    "draw_num": "19055",
    "draw_date": "2019-05-15",
    "front_numbers": [
      2,
      4,
      6,
      19,
      22
    ],
    "back_numbers": [
      2,
      6
    ],
    "prize_pool": "4,963,149,792.21",
    "sales": "283,602,540",
    "first_prize_num": "3",
    "first_prize_amount": "10,000,000"
  },
  {
    "draw_num": "19054",
    "draw_date": "2019-05-13",
    "front_numbers": [
      2,
      18,
      23,
      27,
      30
    ],
    "back_numbers": [
      5,
      10
    ],
    "prize_pool": "4,984,758,179.70",
    "sales": "276,149,811",
    "first_prize_num": "29",
    "first_prize_amount": "10,000,000"
  },
  {
    "draw_num": "19053",
    "draw_date": "2019-05-11",
    "front_numbers": [
      1,
      11,
      19,
      26,
      35
    ],
    "back_numbers": [
      11,
      12
    ],
    "prize_pool": "5,323,214,068.97",
    "sales": "302,681,393",
    "first_prize_num": "1",
    "first_prize_amount": "10,000,000"
  },
  {
    "draw_num": "19052",
    "draw_date": "2019-05-08",
    "front_numbers": [
      4,
      10,
      15,
      20,
      24
    ],
    "back_numbers": [
      7,
      11
    ],
    "prize_pool": "5,313,363,213.20",
    "sales": "276,499,358",
    "first_prize_num": "4",
    "first_prize_amount": "10,000,000"
  },
  {
    "draw_num": "19051",
    "draw_date": "2019-05-06",
    "front_numbers": [
      11,
      15,
      16,
      20,
      29
    ],
    "back_numbers": [
      4,
      8
    ],
    "prize_pool": "5,344,151,471.31",
    "sales": "271,425,230",
    "first_prize_num": "1",
    "first_prize_amount": "10,000,000"
  },
  {
    "draw_num": "19050",
    "draw_date": "2019-05-04",
    "front_numbers": [
      4,
      15,
      16,
      20,
      35
    ],
    "back_numbers": [
      3,
      12
    ],
    "prize_pool": "5,336,065,896.62",
    "sales": "285,832,883",
    "first_prize_num": "3",
    "first_prize_amount": "10,000,000"
  },
  {
    "draw_num": "19049",
    "draw_date": "2019-05-01",
    "front_numbers": [
      10,
      16,
      22,
      26,
      27
    ],
    "back_numbers": [
      7,
      11
    ],
    "prize_pool": "5,347,345,506.43",
    "sales": "258,571,922",
    "first_prize_num": "4",
    "first_prize_amount": "10,000,000"
  },
  {
    "draw_num": "19048",
    "draw_date": "2019-04-29",
    "front_numbers": [
      6,
      10,
      16,
      29,
      33
    ],
    "back_numbers": [
      5,
      11
    ],
    "prize_pool": "5,385,687,606.44",
    "sales": "277,776,696",
    "first_prize_num": "5",
    "first_prize_amount": "10,000,000"
  },
  {
    "draw_num": "19047",
    "draw_date": "2019-04-27",
    "front_numbers": [
      3,
      4,
      10,
      16,
      32
    ],
    "back_numbers": [
      4,
      9
    ],
    "prize_pool": "5,438,181,602.71",
    "sales": "301,841,890",
    "first_prize_num": "7",
    "first_prize_amount": "10,000,000"
  },
  {
    "draw_num": "19046",
    "draw_date": "2019-04-24",
    "front_numbers": [
      2,
      8,
      14,
      15,
      35
    ],
    "back_numbers": [
      10,
      12
    ],
    "prize_pool": "5,516,686,407.37",
    "sales": "279,781,730",
    "first_prize_num": "5",
    "first_prize_amount": "10,000,000"
  },
  {
    "draw_num": "19045",
    "draw_date": "2019-04-22",
    "front_numbers": [
      1,
      4,
      16,
      19,
      33
    ],
    "back_numbers": [
      3,
      12
    ],
    "prize_pool": "5,552,688,626.28",
    "sales": "266,773,843",
    "first_prize_num": "36",
    "first_prize_amount": "10,000,000"
  },
  {
    "draw_num": "19044",
    "draw_date": "2019-04-20",
    "front_numbers": [
      3,
      6,
      10,
      12,
      31
    ],
    "back_numbers": [
      1,
      2
    ],
    "prize_pool": "6,008,098,540.80",
    "sales": "297,670,249",
    "first_prize_num": "3",
    "first_prize_amount": "10,000,000"
  },
  {
    "draw_num": "19043",
    "draw_date": "2019-04-17",
    "front_numbers": [
      2,
      6,
      7,
      12,
      15
    ],
    "back_numbers": [
      6,
      12
    ],
    "prize_pool": "6,017,894,922.86",
    "sales": "265,838,829",
    "first_prize_num": "17",
    "first_prize_amount": "10,000,000"
  },
  {
    "draw_num": "19042",
    "draw_date": "2019-04-15",
    "front_numbers": [
      4,
      10,
      13,
      28,
      33
    ],
    "back_numbers": [
      11,
      12
    ],
    "prize_pool": "6,274,619,165.19",
    "sales": "266,281,814",
    "first_prize_num": "6",
    "first_prize_amount": "10,000,000"
  },
  {
    "draw_num": "19041",
    "draw_date": "2019-04-13",
    "front_numbers": [
      12,
      19,
      20,
      22,
      28
    ],
    "back_numbers": [
      2,
      6
    ],
    "prize_pool": "6,358,353,641.44",
    "sales": "278,194,830",
    "first_prize_num": "33",
    "first_prize_amount": "10,000,000"
  },
  {
    "draw_num": "19040",
    "draw_date": "2019-04-10",
    "front_numbers": [
      1,
      3,
      31,
      32,
      34
    ],
    "back_numbers": [
      1,
      3
    ],
    "prize_pool": "6,679,434,766.57",
    "sales": "256,461,644",
    "first_prize_num": "11",
    "first_prize_amount": "10,000,000"
  },
  {
    "draw_num": "19039",
    "draw_date": "2019-04-08",
    "front_numbers": [
      1,
      12,
      18,
      26,
      35
    ],
    "back_numbers": [
      6,
      12
    ],
    "prize_pool": "6,835,874,897.75",
    "sales": "258,620,074",
    "first_prize_num": "11",
    "first_prize_amount": "10,000,000"
  },
  {
    "draw_num": "19038",
    "draw_date": "2019-04-06",
    "front_numbers": [
      5,
      11,
      16,
      18,
      27
    ],
    "back_numbers": [
      7,
      12
    ],
    "prize_pool": "6,935,534,546.87",
    "sales": "273,576,520",
    "first_prize_num": "3",
    "first_prize_amount": "10,000,000"
  },
  {
    "draw_num": "19037",
    "draw_date": "2019-04-03",
    "front_numbers": [
      6,
      16,
      26,
      33,
      35
    ],
    "back_numbers": [
      4,
      8
    ],
    "prize_pool": "6,957,878,946.51",
    "sales": "259,744,189",
    "first_prize_num": "2",
    "first_prize_amount": "10,000,000"
  },
  {
    "draw_num": "19036",
    "draw_date": "2019-04-01",
    "front_numbers": [
      3,
      9,
      21,
      28,
      30
    ],
    "back_numbers": [
      1,
      12
    ],
    "prize_pool": "6,962,303,972.24",
    "sales": "264,051,280",
    "first_prize_num": "3",
    "first_prize_amount": "10,000,000"
  },
  {
    "draw_num": "19035",
    "draw_date": "2019-03-30",
    "front_numbers": [
      1,
      3,
      5,
      7,
      18
    ],
    "back_numbers": [
      8,
      9
    ],
    "prize_pool": "6,990,724,179.86",
    "sales": "278,976,389",
    "first_prize_num": "5",
    "first_prize_amount": "10,000,000"
  },
  {
    "draw_num": "19034",
    "draw_date": "2019-03-27",
    "front_numbers": [
      8,
      12,
      15,
      27,
      30
    ],
    "back_numbers": [
      1,
      2
    ],
    "prize_pool": "7,043,311,560.73",
    "sales": "263,239,739",
    "first_prize_num": "2",
    "first_prize_amount": "10,000,000"
  },
  {
    "draw_num": "19033",
    "draw_date": "2019-03-25",
    "front_numbers": [
      1,
      2,
      4,
      16,
      24
    ],
    "back_numbers": [
      7,
      9
    ],
    "prize_pool": "7,046,359,232.57",
    "sales": "259,583,444",
    "first_prize_num": "3",
    "first_prize_amount": "10,000,000"
  },
  {
    "draw_num": "19032",
    "draw_date": "2019-03-23",
    "front_numbers": [
      1,
      4,
      7,
      11,
      30
    ],
    "back_numbers": [
      7,
      8
    ],
    "prize_pool": "7,075,490,419.61",
    "sales": "281,069,928",
    "first_prize_num": "2",
    "first_prize_amount": "10,000,000"
  },
  {
    "draw_num": "19031",
    "draw_date": "2019-03-20",
    "front_numbers": [
      3,
      8,
      21,
      26,
      33
    ],
    "back_numbers": [
      4,
      5
    ],
    "prize_pool": "7,087,941,067.17",
    "sales": "258,941,467",
    "first_prize_num": "3",
    "first_prize_amount": "10,000,000"
  },
  {
    "draw_num": "19030",
    "draw_date": "2019-03-18",
    "front_numbers": [
      7,
      9,
      13,
      14,
      33
    ],
    "back_numbers": [
      2,
      4
    ],
    "prize_pool": "7,130,547,448.93",
    "sales": "259,512,014",
    "first_prize_num": "0",
    "first_prize_amount": "---"
  },
  {
    "draw_num": "19029",
    "draw_date": "2019-03-16",
    "front_numbers": [
      1,
      4,
      18,
      24,
      28
    ],
    "back_numbers": [
      2,
      3
    ],
    "prize_pool": "7,130,547,448.93",
    "sales": "286,607,872",
    "first_prize_num": "1",
    "first_prize_amount": "10,000,000"
  }
]