[
  {
    "draw_num": "17035",
    "draw_date": "2017-03-29",
    "front_numbers": [
      14,
      17,
      22,
      30,
      33
    ],
    "back_numbers": [
      7,
      12
    ],
    "prize_pool": "3,606,190,192.77",
    "sales": "191,121,882",
    "first_prize_num": "333",
    "first_prize_amount": "1,077"
  },
  {
    "draw_num": "17034",
    "draw_date": "2017-03-27",
    "front_numbers": [
      6,
      12,
      21,
      26,
      29
    ],
    "back_numbers": [
      2,
      11
    ],
    "prize_pool": "3,657,628,827.88",
    "sales": "188,394,105",
    "first_prize_num": "162",
    "first_prize_amount": "3,908"
  },
  {
    "draw_num": "17033",
    "draw_date": "2017-03-25",
    "front_numbers": [
      15,
      22,
      23,
      25,
      34
    ],
    "back_numbers": [
      5,
      11
    ],
    "prize_pool": "3,638,317,243.04",
    "sales": "206,676,911",
    "first_prize_num": "129",
    "first_prize_amount": "3,467"
  },
  {
    "draw_num": "17032",
    "draw_date": "2017-03-22",
    "front_numbers": [
      2,
      13,
      14,
      18,
      29
    ],
    "back_numbers": [
      3,
      9
    ],
    "prize_pool": "3,612,033,002",
    "sales": "190,004,398",
    "first_prize_num": "172",
    "first_prize_amount": "4,284"
  },
  {
    "draw_num": "17031",
    "draw_date": "2017-03-20",
    "front_numbers": [
      2,
      16,
      17,
      30,
      32
    ],
    "back_numbers": [
      2,
      9
    ],
    "prize_pool": "3,582,956,408.23",
    "sales": "185,528,267",
    "first_prize_num": "348",
    "first_prize_amount": "1,297"
  },
  {
    "draw_num": "17030",
    "draw_date": "2017-03-18",
    "front_numbers": [
      21,
      22,
      24,
      29,
      34
    ],
    "back_numbers": [
      5,
      6
    ],
    "prize_pool": "3,590,538,407.36",
    "sales": "203,209,977",
    "first_prize_num": "150",
    "first_prize_amount": "4,496"
  },
  {
    "draw_num": "17029",
    "draw_date": "2017-03-15",
    "front_numbers": [
      1,
      6,
      14,
      17,
      29
    ],
    "back_numbers": [
      1,
      11
    ],
    "prize_pool": "3,541,799,422.06",
    "sales": "189,003,450",
    "first_prize_num": "126",
    "first_prize_amount": "6,363"
  },
  {
    "draw_num": "17028",
    "draw_date": "2017-03-13",
    "front_numbers": [
      6,
      18,
      22,
      23,
      33
    ],
    "back_numbers": [
      9,
      11
    ],
    "prize_pool": "3,490,596,212.93",
    "sales": "185,993,221",
    "first_prize_num": "199",
    "first_prize_amount": "3,055"
  },
  {
    "draw_num": "17027",
    "draw_date": "2017-03-11",
    "front_numbers": [
      8,
      17,
      25,
      33,
      34
    ],
    "back_numbers": [
      3,
      11
    ],
    "prize_pool": "3,480,957,577.96",
    "sales": "206,383,912",
    "first_prize_num": "303",
    "first_prize_amount": "1,876"
  },
  {
    "draw_num": "17026",
    "draw_date": "2017-03-08",
    "front_numbers": [
      10,
      14,
      19,
      25,
      32
    ],
    "back_numbers": [
      2,
      7
    ],
    "prize_pool": "3,483,244,837.80",
    "sales": "186,355,566",
    "first_prize_num": "138",
    "first_prize_amount": "3,838"
  },
  {
    "draw_num": "17025",
    "draw_date": "2017-03-06",
    "front_numbers": [
      10,
      16,
      19,
      20,
      34
    ],
    "back_numbers": [
      4,
      5
    ],
    "prize_pool": "3,479,144,224.54",
    "sales": "183,593,080",
    "first_prize_num": "146",
    "first_prize_amount": "3,892"
  },
  {
    "draw_num": "17024",
    "draw_date": "2017-03-04",
    "front_numbers": [
      21,
      23,
      29,
      32,
      35
    ],
    "back_numbers": [
      11,
      12
    ],
    "prize_pool": "3,471,058,022.64",
    "sales": "206,593,265",
    "first_prize_num": "145",
    "first_prize_amount": "3,450"
  },
  {
    "draw_num": "17023",
    "draw_date": "2017-03-01",
    "front_numbers": [
      5,
      8,
      12,
      24,
      34
    ],
    "back_numbers": [
      7,
      10
    ],
    "prize_pool": "3,455,027,875.25",
    "sales": "183,366,943",
    "first_prize_num": "228",
    "first_prize_amount": "2,501"
  },
  {
    "draw_num": "17022",
    "draw_date": "2017-02-27",
    "front_numbers": [
      2,
      3,
      9,
      17,
      24
    ],
    "back_numbers": [
      6,
      12
    ],
    "prize_pool": "3,427,151,759.95",
    "sales": "188,485,187",
    "first_prize_num": "168",
    "first_prize_amount": "4,225"
  },
  {
    "draw_num": "17021",
    "draw_date": "2017-02-25",
    "front_numbers": [
      1,
      15,
      17,
      20,
      26
    ],
    "back_numbers": [
      6,
      8
    ],
    "prize_pool": "3,379,016,481.23",
    "sales": "201,103,341",
    "first_prize_num": "391",
    "first_prize_amount": "1,669"
  },
  {
    "draw_num": "17020",
    "draw_date": "2017-02-22",
    "front_numbers": [
      16,
      21,
      24,
      27,
      28
    ],
    "back_numbers": [
      4,
      7
    ],
    "prize_pool": "3,350,612,688.41",
    "sales": "181,168,570",
    "first_prize_num": "526",
    "first_prize_amount": "1,552"
  },
  {
    "draw_num": "17019",
    "draw_date": "2017-02-20",
    "front_numbers": [
      2,
      6,
      14,
      23,
      25
    ],
    "back_numbers": [
      2,
      10
    ],
    "prize_pool": "3,371,542,925.43",
    "sales": "182,158,151",
    "first_prize_num": "276",
    "first_prize_amount": "2,553"
  },
  {
    "draw_num": "17018",
    "draw_date": "2017-02-18",
    "front_numbers": [
      6,
      7,
      10,
      17,
      23
    ],
    "back_numbers": [
      1,
      9
    ],
    "prize_pool": "3,418,876,151.69",
    "sales": "200,875,000",
    "first_prize_num": "197",
    "first_prize_amount": "3,428"
  },
  {
    "draw_num": "17017",
    "draw_date": "2017-02-15",
    "front_numbers": [
      4,
      19,
      24,
      26,
      29
    ],
    "back_numbers": [
      4,
      6
    ],
    "prize_pool": "3,392,699,037.94",
    "sales": "182,067,186",
    "first_prize_num": "148",
    "first_prize_amount": "3,484"
  },
  {
    "draw_num": "17016",
    "draw_date": "2017-02-13",
    "front_numbers": [
      3,
      13,
      28,
      30,
      33
    ],
    "back_numbers": [
      9,
      10
    ],
    "prize_pool": "3,382,818,218.33",
    "sales": "181,455,349",
    "first_prize_num": "173",
    "first_prize_amount": "3,108"
  },
  {
    "draw_num": "17015",
    "draw_date": "2017-02-11",
    "front_numbers": [
      1,
      7,
      19,
      27,
      34
    ],
    "back_numbers": [
      1,
      2
    ],
    "prize_pool": "3,373,917,243.82",
    "sales": "196,382,532",
    "first_prize_num": "144",
    "first_prize_amount": "4,341"
  },
  {
    "draw_num": "17014",
    "draw_date": "2017-02-08",
    "front_numbers": [
      4,
      8,
      15,
      24,
      25
    ],
    "back_numbers": [
      2,
      5
    ],
    "prize_pool": "3,358,297,383.31",
    "sales": "173,798,704",
    "first_prize_num": "154",
    "first_prize_amount": "3,484"
  },
  {
    "draw_num": "17013",
    "draw_date": "2017-02-06",
    "front_numbers": [
      5,
      12,
      17,
      30,
      34
    ],
    "back_numbers": [
      11,
      12
    ],
    "prize_pool": "3,335,198,533.34",
    "sales": "176,214,923",
    "first_prize_num": "160",
    "first_prize_amount": "4,291"
  },
  {
    "draw_num": "17012",
    "draw_date": "2017-02-04",
    "front_numbers": [
      4,
      5,
      24,
      26,
      35
    ],
    "back_numbers": [
      7,
      12
    ],
    "prize_pool": "3,309,200,241.64",
    "sales": "199,177,937",
    "first_prize_num": "231",
    "first_prize_amount": "3,192"
  },
  {
    "draw_num": "17011",
    "draw_date": "2017-01-25",
    "front_numbers": [
      5,
      15,
      21,
      29,
      34
    ],
    "back_numbers": [
      6,
      9
    ],
    "prize_pool": "3,296,873,997.29",
    "sales": "193,935,932",
    "first_prize_num": "312",
    "first_prize_amount": "1,675"
  },
  {
    "draw_num": "17010",
    "draw_date": "2017-01-23",
    "front_numbers": [
      4,
      10,
      13,
      18,
      35
    ],
    "back_numbers": [
      1,
      2
    ],
    "prize_pool": "3,305,544,582.53",
    "sales": "185,249,696",
    "first_prize_num": "329",
    "first_prize_amount": "2,764"
  },
  {
    "draw_num": "17009",
    "draw_date": "2017-01-21",
    "front_numbers": [
      5,
      6,
      8,
      12,
      22
    ],
    "back_numbers": [
      3,
      4
    ],
    "prize_pool": "3,334,512,408.50",
    "sales": "203,513,636",
    "first_prize_num": "321",
    "first_prize_amount": "2,811"
  },
  {
    "draw_num": "17008",
    "draw_date": "2017-01-18",
    "front_numbers": [
      3,
      4,
      9,
      25,
      32
    ],
    "back_numbers": [
      2,
      4
    ],
    "prize_pool": "3,299,550,616.02",
    "sales": "184,148,162",
    "first_prize_num": "165",
    "first_prize_amount": "5,836"
  },
  {
    "draw_num": "17007",
    "draw_date": "2017-01-16",
    "front_numbers": [
      8,
      11,
      17,
      25,
      27
    ],
    "back_numbers": [
      2,
      4
    ],
    "prize_pool": "3,283,292,218.98",
    "sales": "185,767,086",
    "first_prize_num": "191",
    "first_prize_amount": "3,943"
  },
  {
    "draw_num": "17006",
    "draw_date": "2017-01-14",
    "front_numbers": [
      4,
      6,
      23,
      32,
      33
    ],
    "back_numbers": [
      5,
      6
    ],
    "prize_pool": "3,269,026,898.62",
    "sales": "206,891,305",
    "first_prize_num": "225",
    "first_prize_amount": "2,242"
  },
  {
    "draw_num": "17005",
    "draw_date": "2017-01-11",
    "front_numbers": [
      5,
      9,
      20,
      26,
      35
    ],
    "back_numbers": [
      2,
      11
    ],
    "prize_pool": "3,313,392,877.03",
    "sales": "188,095,935",
    "first_prize_num": "186",
    "first_prize_amount": "4,029"
  },
  {
    "draw_num": "17004",
    "draw_date": "2017-01-09",
    "front_numbers": [
      5,
      8,
      11,
      28,
      31
    ],
    "back_numbers": [
      6,
      7
    ],
    "prize_pool": "3,269,100,289.67",
    "sales": "186,673,580",
    "first_prize_num": "348",
    "first_prize_amount": "1,687"
  },
  {
    "draw_num": "17003",
    "draw_date": "2017-01-07",
    "front_numbers": [
      3,
      5,
      6,
      13,
      22
    ],
    "back_numbers": [
      9,
      12
    ],
    "prize_pool": "3,270,524,644.52",
    "sales": "206,276,983",
    "first_prize_num": "175",
    "first_prize_amount": "3,482"
  },
  {
    "draw_num": "17002",
    "draw_date": "2017-01-04",
    "front_numbers": [
      7,
      12,
      14,
      31,
      34
    ],
    "back_numbers": [
      9,
      11
    ],
    "prize_pool": "3,252,308,112.02",
    "sales": "192,781,724",
    "first_prize_num": "115",
    "first_prize_amount": "5,626"
  },
  {
    "draw_num": "17001",
    "draw_date": "2017-01-02",
    "front_numbers": [
      7,
      9,
      20,
      31,
      33
    ],
    "back_numbers": [
      8,
      10
    ],
    "prize_pool": "3,214,884,037.20",
    "sales": "186,624,920",
    "first_prize_num": "244",
    "first_prize_amount": "1,967"
  },
  {
    "draw_num": "16154",
    "draw_date": "2016-12-31",
    "front_numbers": [
      6,
      16,
      17,
      21,
      29
    ],
    "back_numbers": [
      4,
      6
    ],
    "prize_pool": "3,235,556,086.60",
    "sales": "226,398,958",
    "first_prize_num": "295",
    "first_prize_amount": "2,911"
  },
  {
    "draw_num": "16153",
    "draw_date": "2016-12-28",
    "front_numbers": [
      13,
      18,
      25,
      29,
      35
    ],
    "back_numbers": [
      3,
      11
    ],
    "prize_pool": "3,271,932,474.53",
    "sales": "196,228,015",
    "first_prize_num": "275",
    "first_prize_amount": "3,544"
  },
  {
    "draw_num": "16152",
    "draw_date": "2016-12-26",
    "front_numbers": [
      8,
      17,
      22,
      24,
      30
    ],
    "back_numbers": [
      5,
      11
    ],
    "prize_pool": "3,224,085,510.27",
    "sales": "194,727,932",
    "first_prize_num": "232",
    "first_prize_amount": "2,423"
  },
  {
    "draw_num": "16151",
    "draw_date": "2016-12-24",
    "front_numbers": [
      4,
      7,
      11,
      14,
      21
    ],
    "back_numbers": [
      5,
      12
    ],
    "prize_pool": "3,219,661,079.76",
    "sales": "219,111,783",
    "first_prize_num": "347",
    "first_prize_amount": "2,016"
  },
  {
    "draw_num": "16150",
    "draw_date": "2016-12-21",
    "front_numbers": [
      1,
      10,
      18,
      24,
      29
    ],
    "back_numbers": [
      7,
      10
    ],
    "prize_pool": "3,229,738,187.76",
    "sales": "188,065,956",
    "first_prize_num": "2,063",
    "first_prize_amount": "900"
  },
  {
    "draw_num": "16149",
    "draw_date": "2016-12-19",
    "front_numbers": [
      1,
      2,
      3,
      12,
      33
    ],
    "back_numbers": [
      4,
      9
    ],
    "prize_pool": "3,816,313,703.68",
    "sales": "189,963,373",
    "first_prize_num": "228",
    "first_prize_amount": "1,464"
  },
  {
    "draw_num": "16148",
    "draw_date": "2016-12-17",
    "front_numbers": [
      5,
      14,
      15,
      23,
      25
    ],
    "back_numbers": [
      6,
      8
    ],
    "prize_pool": "3,806,985,330.35",
    "sales": "210,580,973",
    "first_prize_num": "186",
    "first_prize_amount": "2,820"
  },
  {
    "draw_num": "16147",
    "draw_date": "2016-12-14",
    "front_numbers": [
      7,
      19,
      20,
      28,
      30
    ],
    "back_numbers": [
      4,
      12
    ],
    "prize_pool": "3,791,177,687.77",
    "sales": "186,538,144",
    "first_prize_num": "1,050",
    "first_prize_amount": "900"
  },
  {
    "draw_num": "16146",
    "draw_date": "2016-12-12",
    "front_numbers": [
      21,
      22,
      25,
      29,
      34
    ],
    "back_numbers": [
      1,
      11
    ],
    "prize_pool": "3,915,756,735.85",
    "sales": "191,944,792",
    "first_prize_num": "173",
    "first_prize_amount": "3,901"
  },
  {
    "draw_num": "16145",
    "draw_date": "2016-12-10",
    "front_numbers": [
      1,
      9,
      11,
      17,
      28
    ],
    "back_numbers": [
      3,
      8
    ],
    "prize_pool": "3,913,126,519.29",
    "sales": "209,502,660",
    "first_prize_num": "394",
    "first_prize_amount": "1,186"
  },
  {
    "draw_num": "16144",
    "draw_date": "2016-12-07",
    "front_numbers": [
      4,
      5,
      13,
      22,
      31
    ],
    "back_numbers": [
      5,
      10
    ],
    "prize_pool": "3,914,443,711.99",
    "sales": "191,810,527",
    "first_prize_num": "868",
    "first_prize_amount": "1,135"
  },
  {
    "draw_num": "16143",
    "draw_date": "2016-12-05",
    "front_numbers": [
      4,
      6,
      22,
      27,
      31
    ],
    "back_numbers": [
      6,
      7
    ],
    "prize_pool": "3,904,182,884.57",
    "sales": "188,839,857",
    "first_prize_num": "329",
    "first_prize_amount": "2,629"
  },
  {
    "draw_num": "16142",
    "draw_date": "2016-12-03",
    "front_numbers": [
      1,
      6,
      17,
      23,
      26
    ],
    "back_numbers": [
      6,
      12
    ],
    "prize_pool": "3,899,078,594.62",
    "sales": "208,883,904",
    "first_prize_num": "148",
    "first_prize_amount": "4,445"
  },
  {
    "draw_num": "16141",
    "draw_date": "2016-11-30",
    "front_numbers": [
      2,
      6,
      7,
      19,
      28
    ],
    "back_numbers": [
      11,
      12
    ],
    "prize_pool": "3,857,570,669.90",
    "sales": "193,465,971",
    "first_prize_num": "330",
    "first_prize_amount": "2,604"
  },
  {
    "draw_num": "16140",
    "draw_date": "2016-11-28",
    "front_numbers": [
      12,
      16,
      23,
      29,
      34
    ],
    "back_numbers": [
      4,
      11
    ],
    "prize_pool": "3,845,393,921.81",
    "sales": "188,081,802",
    "first_prize_num": "263",
    "first_prize_amount": "2,511"
  },
  {
    "draw_num": "16139",
    "draw_date": "2016-11-26",
    "front_numbers": [
      13,
      21,
      30,
      31,
      35
    ],
    "back_numbers": [
      1,
      8
    ],
    "prize_pool": "3,864,958,511.07",
    "sales": "200,772,078",
    "first_prize_num": "158",
    "first_prize_amount": "4,532"
  },
  {
    "draw_num": "16138",
    "draw_date": "2016-11-23",
    "front_numbers": [
      12,
      13,
      16,
      29,
      35
    ],
    "back_numbers": [
      5,
      11
    ],
    "prize_pool": "3,826,489,199.90",
    "sales": "179,140,283",
    "first_prize_num": "153",
    "first_prize_amount": "5,133"
  },
  {
    "draw_num": "16137",
    "draw_date": "2016-11-21",
    "front_numbers": [
      7,
      20,
      23,
      29,
      34
    ],
    "back_numbers": [
      2,
      10
    ],
    "prize_pool": "3,807,220,445.90",
    "sales": "181,006,344",
    "first_prize_num": "264",
    "first_prize_amount": "2,149"
  },
  {
    "draw_num": "16136",
    "draw_date": "2016-11-19",
    "front_numbers": [
      5,
      6,
      7,
      19,
      23
    ],
    "back_numbers": [
      4,
      11
    ],
    "prize_pool": "3,791,740,200.73",
    "sales": "204,254,202",
    "first_prize_num": "686",
    "first_prize_amount": "1,413"
  },
  {
    "draw_num": "16135",
    "draw_date": "2016-11-16",
    "front_numbers": [
      1,
      10,
      12,
      18,
      35
    ],
    "back_numbers": [
      1,
      12
    ],
    "prize_pool": "3,770,081,323.99",
    "sales": "187,947,049",
    "first_prize_num": "844",
    "first_prize_amount": "1,636"
  },
  {
    "draw_num": "16134",
    "draw_date": "2016-11-14",
    "front_numbers": [
      1,
      3,
      31,
      32,
      34
    ],
    "back_numbers": [
      2,
      7
    ],
    "prize_pool": "3,741,306,383.48",
    "sales": "185,722,161",
    "first_prize_num": "145",
    "first_prize_amount": "4,911"
  },
  {
    "draw_num": "16133",
    "draw_date": "2016-11-12",
    "front_numbers": [
      1,
      4,
      5,
      23,
      28
    ],
    "back_numbers": [
      5,
      9
    ],
    "prize_pool": "3,724,999,633.06",
    "sales": "203,224,114",
    "first_prize_num": "232",
    "first_prize_amount": "3,243"
  },
  {
    "draw_num": "16132",
    "draw_date": "2016-11-09",
    "front_numbers": [
      4,
      18,
      19,
      22,
      35
    ],
    "back_numbers": [
      1,
      2
    ],
    "prize_pool": "3,726,472,243.16",
    "sales": "180,524,624",
    "first_prize_num": "629",
    "first_prize_amount": "2,052"
  },
  {
    "draw_num": "16131",
    "draw_date": "2016-11-07",
    "front_numbers": [
      6,
      13,
      25,
      28,
      30
    ],
    "back_numbers": [
      2,
      7
    ],
    "prize_pool": "3,705,987,913.84",
    "sales": "172,418,049",
    "first_prize_num": "373",
    "first_prize_amount": "1,330"
  },
  {
    "draw_num": "16130",
    "draw_date": "2016-11-05",
    "front_numbers": [
      11,
      23,
      32,
      33,
      34
    ],
    "back_numbers": [
      1,
      12
    ],
    "prize_pool": "3,722,891,036.08",
    "sales": "200,057,806",
    "first_prize_num": "289",
    "first_prize_amount": "3,241"
  },
  {
    "draw_num": "16129",
    "draw_date": "2016-11-02",
    "front_numbers": [
      7,
      8,
      19,
      30,
      35
    ],
    "back_numbers": [
      8,
      9
    ],
    "prize_pool": "3,745,975,912.37",
    "sales": "180,262,598",
    "first_prize_num": "335",
    "first_prize_amount": "2,350"
  },
  {
    "draw_num": "16128",
    "draw_date": "2016-10-31",
    "front_numbers": [
      17,
      20,
      22,
      30,
      33
    ],
    "back_numbers": [
      7,
      8
    ],
    "prize_pool": "3,742,471,490.10",
    "sales": "178,307,590",
    "first_prize_num": "215",
    "first_prize_amount": "2,802"
  },
  {
    "draw_num": "16127",
    "draw_date": "2016-10-29",
    "front_numbers": [
      1,
      5,
      15,
      24,
      26
    ],
    "back_numbers": [
      9,
      10
    ],
    "prize_pool": "3,747,064,984.52",
    "sales": "192,473,077",
    "first_prize_num": "199",
    "first_prize_amount": "4,496"
  },
  {
    "draw_num": "16126",
    "draw_date": "2016-10-26",
    "front_numbers": [
      11,
      13,
      16,
      19,
      24
    ],
    "back_numbers": [
      6,
      8
    ],
    "prize_pool": "3,727,343,868.72",
    "sales": "176,733,833",
    "first_prize_num": "311",
    "first_prize_amount": "2,521"
  },
  {
    "draw_num": "16125",
    "draw_date": "2016-10-24",
    "front_numbers": [
      6,
      7,
      8,
      28,
      30
    ],
    "back_numbers": [
      1,
      2
    ],
    "prize_pool": "3,727,254,222.34",
    "sales": "179,128,075",
    "first_prize_num": "191",
    "first_prize_amount": "3,626"
  },
  {
    "draw_num": "16124",
    "draw_date": "2016-10-22",
    "front_numbers": [
      4,
      13,
      24,
      26,
      29
    ],
    "back_numbers": [
      8,
      11
    ],
    "prize_pool": "3,693,174,707.28",
    "sales": "191,410,193",
    "first_prize_num": "152",
    "first_prize_amount": "3,940"
  },
  {
    "draw_num": "16123",
    "draw_date": "2016-10-19",
    "front_numbers": [
      4,
      5,
      13,
      20,
      32
    ],
    "back_numbers": [
      1,
      10
    ],
    "prize_pool": "3,651,778,795.10",
    "sales": "179,976,965",
    "first_prize_num": "132",
    "first_prize_amount": "6,109"
  },
  {
    "draw_num": "16122",
    "draw_date": "2016-10-17",
    "front_numbers": [
      1,
      3,
      12,
      14,
      29
    ],
    "back_numbers": [
      2,
      6
    ],
    "prize_pool": "3,603,748,957.96",
    "sales": "178,700,027",
    "first_prize_num": "354",
    "first_prize_amount": "3,083"
  },
  {
    "draw_num": "16121",
    "draw_date": "2016-10-15",
    "front_numbers": [
      4,
      5,
      8,
      15,
      20
    ],
    "back_numbers": [
      1,
      6
    ],
    "prize_pool": "3,559,509,834.29",
    "sales": "196,550,154",
    "first_prize_num": "271",
    "first_prize_amount": "2,073"
  },
  {
    "draw_num": "16120",
    "draw_date": "2016-10-12",
    "front_numbers": [
      3,
      10,
      20,
      32,
      34
    ],
    "back_numbers": [
      4,
      7
    ],
    "prize_pool": "3,565,337,019.44",
    "sales": "177,521,772",
    "first_prize_num": "165",
    "first_prize_amount": "2,680"
  },
  {
    "draw_num": "16119",
    "draw_date": "2016-10-10",
    "front_numbers": [
      2,
      3,
      9,
      21,
      22
    ],
    "back_numbers": [
      5,
      10
    ],
    "prize_pool": "3,569,855,994.48",
    "sales": "175,765,163",
    "first_prize_num": "289",
    "first_prize_amount": "2,600"
  },
  {
    "draw_num": "16118",
    "draw_date": "2016-10-08",
    "front_numbers": [
      12,
      15,
      18,
      24,
      29
    ],
    "back_numbers": [
      3,
      11
    ],
    "prize_pool": "3,571,935,089.08",
    "sales": "195,629,351",
    "first_prize_num": "359",
    "first_prize_amount": "1,622"
  },
  {
    "draw_num": "16117",
    "draw_date": "2016-10-05",
    "front_numbers": [
      3,
      9,
      14,
      16,
      23
    ],
    "back_numbers": [
      2,
      9
    ],
    "prize_pool": "3,557,096,623.84",
    "sales": "159,626,154",
    "first_prize_num": "221",
    "first_prize_amount": "2,870"
  },
  {
    "draw_num": "16116",
    "draw_date": "2016-10-03",
    "front_numbers": [
      4,
      6,
      8,
      19,
      34
    ],
    "back_numbers": [
      10,
      12
    ],
    "prize_pool": "3,566,017,216.24",
    "sales": "157,717,027",
    "first_prize_num": "326",
    "first_prize_amount": "2,289"
  },
  {
    "draw_num": "16115",
    "draw_date": "2016-10-01",
    "front_numbers": [
      1,
      4,
      15,
      31,
      34
    ],
    "back_numbers": [
      2,
      11
    ],
    "prize_pool": "3,547,923,720.07",
    "sales": "188,778,020",
    "first_prize_num": "106",
    "first_prize_amount": "5,263"
  },
  {
    "draw_num": "16114",
    "draw_date": "2016-09-28",
    "front_numbers": [
      16,
      17,
      20,
      32,
      33
    ],
    "back_numbers": [
      3,
      7
    ],
    "prize_pool": "3,502,839,877.72",
    "sales": "173,340,048",
    "first_prize_num": "193",
    "first_prize_amount": "3,283"
  },
  {
    "draw_num": "16113",
    "draw_date": "2016-09-26",
    "front_numbers": [
      10,
      11,
      17,
      30,
      34
    ],
    "back_numbers": [
      3,
      12
    ],
    "prize_pool": "3,515,191,923.33",
    "sales": "177,637,883",
    "first_prize_num": "118",
    "first_prize_amount": "5,771"
  },
  {
    "draw_num": "16112",
    "draw_date": "2016-09-24",
    "front_numbers": [
      7,
      22,
      23,
      31,
      32
    ],
    "back_numbers": [
      4,
      5
    ],
    "prize_pool": "3,502,750,201.33",
    "sales": "199,351,193",
    "first_prize_num": "144",
    "first_prize_amount": "4,868"
  },
  {
    "draw_num": "16111",
    "draw_date": "2016-09-21",
    "front_numbers": [
      4,
      9,
      22,
      26,
      27
    ],
    "back_numbers": [
      2,
      12
    ],
    "prize_pool": "3,467,679,525.40",
    "sales": "181,731,808",
    "first_prize_num": "142",
    "first_prize_amount": "3,816"
  },
  {
    "draw_num": "16110",
    "draw_date": "2016-09-19",
    "front_numbers": [
      7,
      20,
      21,
      23,
      30
    ],
    "back_numbers": [
      7,
      10
    ],
    "prize_pool": "3,442,910,758.46",
    "sales": "179,311,987",
    "first_prize_num": "239",
    "first_prize_amount": "1,932"
  },
  {
    "draw_num": "16109",
    "draw_date": "2016-09-17",
    "front_numbers": [
      3,
      25,
      28,
      31,
      34
    ],
    "back_numbers": [
      11,
      12
    ],
    "prize_pool": "3,466,514,047.74",
    "sales": "193,626,665",
    "first_prize_num": "138",
    "first_prize_amount": "5,596"
  },
  {
    "draw_num": "16108",
    "draw_date": "2016-09-14",
    "front_numbers": [
      10,
      17,
      22,
      23,
      25
    ],
    "back_numbers": [
      7,
      9
    ],
    "prize_pool": "3,437,657,318.35",
    "sales": "173,106,306",
    "first_prize_num": "259",
    "first_prize_amount": "1,506"
  },
  {
    "draw_num": "16107",
    "draw_date": "2016-09-12",
    "front_numbers": [
      2,
      6,
      19,
      24,
      26
    ],
    "back_numbers": [
      4,
      6
    ],
    "prize_pool": "3,462,561,196.64",
    "sales": "174,509,999",
    "first_prize_num": "308",
    "first_prize_amount": "2,331"
  },
  {
    "draw_num": "16106",
    "draw_date": "2016-09-10",
    "front_numbers": [
      3,
      21,
      30,
      33,
      35
    ],
    "back_numbers": [
      1,
      4
    ],
    "prize_pool": "3,493,879,603.26",
    "sales": "191,510,252",
    "first_prize_num": "266",
    "first_prize_amount": "266"
  },
  {
    "draw_num": "16105",
    "draw_date": "2016-09-07",
    "front_numbers": [
      8,
      11,
      31,
      34,
      35
    ],
    "back_numbers": [
      1,
      2
    ],
    "prize_pool": "3,509,923,337.40",
    "sales": "175,645,150",
    "first_prize_num": "143",
    "first_prize_amount": "5,461"
  },
  {
    "draw_num": "16104",
    "draw_date": "2016-09-05",
    "front_numbers": [
      1,
      20,
      22,
      23,
      30
    ],
    "back_numbers": [
      6,
      7
    ],
    "prize_pool": "3,475,855,899.77",
    "sales": "176,312,231",
    "first_prize_num": "128",
    "first_prize_amount": "5,528"
  },
  {
    "draw_num": "16103",
    "draw_date": "2016-09-03",
    "front_numbers": [
      5,
      14,
      20,
      23,
      29
    ],
    "back_numbers": [
      3,
      11
    ],
    "prize_pool": "3,461,843,842.38",
    "sales": "196,977,631",
    "first_prize_num": "303",
    "first_prize_amount": "2,281"
  },
  {
    "draw_num": "16102",
    "draw_date": "2016-08-31",
    "front_numbers": [
      3,
      5,
      6,
      34,
      35
    ],
    "back_numbers": [
      3,
      12
    ],
    "prize_pool": "3,449,353,717.99",
    "sales": "177,794,219",
    "first_prize_num": "149",
    "first_prize_amount": "4,605"
  },
  {
    "draw_num": "16101",
    "draw_date": "2016-08-29",
    "front_numbers": [
      4,
      6,
      28,
      33,
      35
    ],
    "back_numbers": [
      7,
      12
    ],
    "prize_pool": "3,405,154,941.26",
    "sales": "176,690,621",
    "first_prize_num": "136",
    "first_prize_amount": "4,600"
  },
  {
    "draw_num": "16100",
    "draw_date": "2016-08-27",
    "front_numbers": [
      8,
      12,
      19,
      26,
      30
    ],
    "back_numbers": [
      2,
      12
    ],
    "prize_pool": "3,372,470,173.04",
    "sales": "194,558,808",
    "first_prize_num": "229",
    "first_prize_amount": "3,411"
  },
  {
    "draw_num": "16099",
    "draw_date": "2016-08-24",
    "front_numbers": [
      3,
      4,
      12,
      14,
      27
    ],
    "back_numbers": [
      1,
      5
    ],
    "prize_pool": "3,337,125,371.10",
    "sales": "176,499,869",
    "first_prize_num": "137",
    "first_prize_amount": "4,836"
  },
  {
    "draw_num": "16098",
    "draw_date": "2016-08-22",
    "front_numbers": [
      8,
      9,
      11,
      20,
      29
    ],
    "back_numbers": [
      4,
      5
    ],
    "prize_pool": "3,309,928,561.74",
    "sales": "174,126,611",
    "first_prize_num": "365",
    "first_prize_amount": "1,424"
  },
  {
    "draw_num": "16097",
    "draw_date": "2016-08-20",
    "front_numbers": [
      6,
      8,
      18,
      31,
      33
    ],
    "back_numbers": [
      10,
      12
    ],
    "prize_pool": "3,318,516,210.70",
    "sales": "194,470,665",
    "first_prize_num": "142",
    "first_prize_amount": "4,381"
  },
  {
    "draw_num": "16096",
    "draw_date": "2016-08-17",
    "front_numbers": [
      1,
      6,
      8,
      12,
      21
    ],
    "back_numbers": [
      5,
      10
    ],
    "prize_pool": "3,279,830,818.81",
    "sales": "176,201,944",
    "first_prize_num": "182",
    "first_prize_amount": "3,920"
  },
  {
    "draw_num": "16095",
    "draw_date": "2016-08-15",
    "front_numbers": [
      8,
      12,
      18,
      19,
      21
    ],
    "back_numbers": [
      3,
      6
    ],
    "prize_pool": "3,296,613,494.39",
    "sales": "172,149,445",
    "first_prize_num": "312",
    "first_prize_amount": "1,776"
  },
  {
    "draw_num": "16094",
    "draw_date": "2016-08-13",
    "front_numbers": [
      1,
      14,
      16,
      17,
      18
    ],
    "back_numbers": [
      5,
      7
    ],
    "prize_pool": "3,293,149,626.85",
    "sales": "193,668,600",
    "first_prize_num": "123",
    "first_prize_amount": "4,905"
  },
  {
    "draw_num": "16093",
    "draw_date": "2016-08-10",
    "front_numbers": [
      1,
      8,
      14,
      30,
      35
    ],
    "back_numbers": [
      6,
      7
    ],
    "prize_pool": "3,305,502,727.35",
    "sales": "174,774,485",
    "first_prize_num": "308",
    "first_prize_amount": "1,584"
  },
  {
    "draw_num": "16092",
    "draw_date": "2016-08-08",
    "front_numbers": [
      2,
      13,
      31,
      33,
      34
    ],
    "back_numbers": [
      7,
      11
    ],
    "prize_pool": "3,311,199,962.86",
    "sales": "175,425,164",
    "first_prize_num": "138",
    "first_prize_amount": "4,934"
  },
  {
    "draw_num": "16091",
    "draw_date": "2016-08-06",
    "front_numbers": [
      8,
      13,
      17,
      21,
      22
    ],
    "back_numbers": [
      2,
      8
    ],
    "prize_pool": "3,290,154,296.34",
    "sales": "194,108,585",
    "first_prize_num": "188",
    "first_prize_amount": "3,688"
  },
  {
    "draw_num": "16090",
    "draw_date": "2016-08-03",
    "front_numbers": [
      4,
      6,
      8,
      28,
      32
    ],
    "back_numbers": [
      7,
      12
    ],
    "prize_pool": "3,277,357,768.85",
    "sales": "177,705,779",
    "first_prize_num": "149",
    "first_prize_amount": "4,110"
  }
]