[
  {
    "draw_num": "18082",
    "draw_date": "2018-07-16",
    "front_numbers": [
      1,
      2,
      14,
      17,
      18
    ],
    "back_numbers": [
      8,
      10
    ],
    "prize_pool": "6,046,964,394.78",
    "sales": "202,664,331",
    "first_prize_num": "132",
    "first_prize_amount": "6,876"
  },
  {
    "draw_num": "18081",
    "draw_date": "2018-07-14",
    "front_numbers": [
      2,
      10,
      13,
      21,
      35
    ],
    "back_numbers": [
      1,
      12
    ],
    "prize_pool": "5,995,484,438.14",
    "sales": "220,990,027",
    "first_prize_num": "251",
    "first_prize_amount": "3,983"
  },
  {
    "draw_num": "18080",
    "draw_date": "2018-07-11",
    "front_numbers": [
      7,
      16,
      24,
      26,
      31
    ],
    "back_numbers": [
      10,
      11
    ],
    "prize_pool": "5,956,453,500.72",
    "sales": "200,930,992",
    "first_prize_num": "300",
    "first_prize_amount": "2,578"
  },
  {
    "draw_num": "18079",
    "draw_date": "2018-07-09",
    "front_numbers": [
      3,
      4,
      10,
      27,
      29
    ],
    "back_numbers": [
      1,
      5
    ],
    "prize_pool": "5,968,985,976.16",
    "sales": "202,323,374",
    "first_prize_num": "359",
    "first_prize_amount": "1,311"
  },
  {
    "draw_num": "18078",
    "draw_date": "2018-07-07",
    "front_numbers": [
      7,
      11,
      12,
      22,
      30
    ],
    "back_numbers": [
      3,
      6
    ],
    "prize_pool": "5,999,253,266.21",
    "sales": "218,580,534",
    "first_prize_num": "502",
    "first_prize_amount": "1,486"
  },
  {
    "draw_num": "18077",
    "draw_date": "2018-07-04",
    "front_numbers": [
      1,
      6,
      9,
      15,
      26
    ],
    "back_numbers": [
      8,
      9
    ],
    "prize_pool": "5,981,630,962.46",
    "sales": "203,843,593",
    "first_prize_num": "207",
    "first_prize_amount": "3,965"
  },
  {
    "draw_num": "18076",
    "draw_date": "2018-07-02",
    "front_numbers": [
      7,
      18,
      28,
      29,
      32
    ],
    "back_numbers": [
      6,
      8
    ],
    "prize_pool": "5,950,663,010.78",
    "sales": "199,580,156",
    "first_prize_num": "458",
    "first_prize_amount": "1,545"
  },
  {
    "draw_num": "18075",
    "draw_date": "2018-06-30",
    "front_numbers": [
      1,
      6,
      12,
      20,
      34
    ],
    "back_numbers": [
      4,
      12
    ],
    "prize_pool": "5,958,857,007.20",
    "sales": "220,535,723",
    "first_prize_num": "116",
    "first_prize_amount": "7,126"
  },
  {
    "draw_num": "18074",
    "draw_date": "2018-06-27",
    "front_numbers": [
      3,
      9,
      12,
      28,
      30
    ],
    "back_numbers": [
      4,
      12
    ],
    "prize_pool": "5,909,727,592.75",
    "sales": "199,597,596",
    "first_prize_num": "397",
    "first_prize_amount": "2,161"
  },
  {
    "draw_num": "18073",
    "draw_date": "2018-06-25",
    "front_numbers": [
      13,
      19,
      24,
      25,
      29
    ],
    "back_numbers": [
      2,
      8
    ],
    "prize_pool": "5,972,044,398.22",
    "sales": "201,563,745",
    "first_prize_num": "448",
    "first_prize_amount": "1,525"
  },
  {
    "draw_num": "18072",
    "draw_date": "2018-06-23",
    "front_numbers": [
      5,
      12,
      17,
      24,
      26
    ],
    "back_numbers": [
      1,
      2
    ],
    "prize_pool": "5,981,278,505.68",
    "sales": "224,650,873",
    "first_prize_num": "265",
    "first_prize_amount": "4,302"
  },
  {
    "draw_num": "18071",
    "draw_date": "2018-06-20",
    "front_numbers": [
      2,
      5,
      23,
      30,
      31
    ],
    "back_numbers": [
      3,
      9
    ],
    "prize_pool": "5,949,658,808.60",
    "sales": "214,566,154",
    "first_prize_num": "251",
    "first_prize_amount": "3,568"
  },
  {
    "draw_num": "18070",
    "draw_date": "2018-06-18",
    "front_numbers": [
      2,
      5,
      10,
      16,
      30
    ],
    "back_numbers": [
      4,
      7
    ],
    "prize_pool": "5,919,039,404.50",
    "sales": "211,903,935",
    "first_prize_num": "333",
    "first_prize_amount": "2,188"
  },
  {
    "draw_num": "18069",
    "draw_date": "2018-06-16",
    "front_numbers": [
      1,
      8,
      13,
      21,
      24
    ],
    "back_numbers": [
      2,
      11
    ],
    "prize_pool": "5,885,037,873.39",
    "sales": "241,142,640",
    "first_prize_num": "237",
    "first_prize_amount": "4,825"
  },
  {
    "draw_num": "18068",
    "draw_date": "2018-06-13",
    "front_numbers": [
      8,
      12,
      16,
      26,
      33
    ],
    "back_numbers": [
      5,
      6
    ],
    "prize_pool": "5,874,936,454.44",
    "sales": "196,468,042",
    "first_prize_num": "270",
    "first_prize_amount": "3,037"
  },
  {
    "draw_num": "18067",
    "draw_date": "2018-06-11",
    "front_numbers": [
      3,
      7,
      12,
      18,
      31
    ],
    "back_numbers": [
      7,
      10
    ],
    "prize_pool": "5,854,895,390.25",
    "sales": "219,756,324",
    "first_prize_num": "266",
    "first_prize_amount": "3,562"
  },
  {
    "draw_num": "18066",
    "draw_date": "2018-06-09",
    "front_numbers": [
      1,
      20,
      23,
      32,
      33
    ],
    "back_numbers": [
      1,
      4
    ],
    "prize_pool": "5,813,704,069.93",
    "sales": "239,793,134",
    "first_prize_num": "216",
    "first_prize_amount": "5,527"
  },
  {
    "draw_num": "18065",
    "draw_date": "2018-06-06",
    "front_numbers": [
      7,
      10,
      28,
      31,
      32
    ],
    "back_numbers": [
      8,
      10
    ],
    "prize_pool": "5,772,639,586.93",
    "sales": "220,810,457",
    "first_prize_num": "367",
    "first_prize_amount": "2,489"
  },
  {
    "draw_num": "18064",
    "draw_date": "2018-06-04",
    "front_numbers": [
      1,
      3,
      4,
      11,
      29
    ],
    "back_numbers": [
      2,
      4
    ],
    "prize_pool": "5,761,282,472.73",
    "sales": "224,954,479",
    "first_prize_num": "268",
    "first_prize_amount": "4,484"
  },
  {
    "draw_num": "18063",
    "draw_date": "2018-06-02",
    "front_numbers": [
      5,
      14,
      15,
      32,
      34
    ],
    "back_numbers": [
      3,
      10
    ],
    "prize_pool": "5,705,403,010.45",
    "sales": "245,622,727",
    "first_prize_num": "579",
    "first_prize_amount": "1,699"
  },
  {
    "draw_num": "18062",
    "draw_date": "2018-05-30",
    "front_numbers": [
      12,
      14,
      19,
      23,
      35
    ],
    "back_numbers": [
      2,
      7
    ],
    "prize_pool": "5,703,821,164.03",
    "sales": "238,259,472",
    "first_prize_num": "217",
    "first_prize_amount": "5,784"
  },
  {
    "draw_num": "18061",
    "draw_date": "2018-05-28",
    "front_numbers": [
      4,
      10,
      12,
      28,
      31
    ],
    "back_numbers": [
      8,
      11
    ],
    "prize_pool": "5,653,787,525.57",
    "sales": "237,450,953",
    "first_prize_num": "363",
    "first_prize_amount": "3,453"
  },
  {
    "draw_num": "18060",
    "draw_date": "2018-05-26",
    "front_numbers": [
      4,
      22,
      27,
      29,
      31
    ],
    "back_numbers": [
      2,
      10
    ],
    "prize_pool": "5,654,020,895.59",
    "sales": "263,797,526",
    "first_prize_num": "283",
    "first_prize_amount": "5,256"
  },
  {
    "draw_num": "18059",
    "draw_date": "2018-05-23",
    "front_numbers": [
      1,
      9,
      10,
      27,
      35
    ],
    "back_numbers": [
      6,
      11
    ],
    "prize_pool": "5,611,696,366.03",
    "sales": "242,609,804",
    "first_prize_num": "431",
    "first_prize_amount": "3,370"
  },
  {
    "draw_num": "18058",
    "draw_date": "2018-05-21",
    "front_numbers": [
      9,
      11,
      12,
      26,
      32
    ],
    "back_numbers": [
      4,
      10
    ],
    "prize_pool": "5,563,764,270.56",
    "sales": "239,072,621",
    "first_prize_num": "612",
    "first_prize_amount": "1,666"
  },
  {
    "draw_num": "18057",
    "draw_date": "2018-05-19",
    "front_numbers": [
      13,
      19,
      22,
      27,
      28
    ],
    "back_numbers": [
      5,
      6
    ],
    "prize_pool": "5,533,435,106.09",
    "sales": "263,782,813",
    "first_prize_num": "588",
    "first_prize_amount": "2,517"
  },
  {
    "draw_num": "18056",
    "draw_date": "2018-05-16",
    "front_numbers": [
      2,
      4,
      16,
      28,
      34
    ],
    "back_numbers": [
      5,
      7
    ],
    "prize_pool": "5,556,714,938.56",
    "sales": "242,284,907",
    "first_prize_num": "484",
    "first_prize_amount": "3,351"
  },
  {
    "draw_num": "18055",
    "draw_date": "2018-05-14",
    "front_numbers": [
      3,
      7,
      20,
      33,
      34
    ],
    "back_numbers": [
      9,
      10
    ],
    "prize_pool": "5,505,823,357.74",
    "sales": "247,382,161",
    "first_prize_num": "464",
    "first_prize_amount": "3,134"
  },
  {
    "draw_num": "18054",
    "draw_date": "2018-05-12",
    "front_numbers": [
      9,
      10,
      12,
      20,
      30
    ],
    "back_numbers": [
      1,
      7
    ],
    "prize_pool": "5,465,203,784.82",
    "sales": "266,905,172",
    "first_prize_num": "604",
    "first_prize_amount": "2,549"
  },
  {
    "draw_num": "18053",
    "draw_date": "2018-05-09",
    "front_numbers": [
      11,
      16,
      21,
      23,
      25
    ],
    "back_numbers": [
      2,
      12
    ],
    "prize_pool": "5,515,804,329.86",
    "sales": "247,482,667",
    "first_prize_num": "226",
    "first_prize_amount": "6,742"
  },
  {
    "draw_num": "18052",
    "draw_date": "2018-05-07",
    "front_numbers": [
      5,
      16,
      18,
      19,
      25
    ],
    "back_numbers": [
      2,
      7
    ],
    "prize_pool": "5,447,819,442.24",
    "sales": "240,438,756",
    "first_prize_num": "503",
    "first_prize_amount": "2,500"
  },
  {
    "draw_num": "18051",
    "draw_date": "2018-05-05",
    "front_numbers": [
      9,
      18,
      28,
      29,
      35
    ],
    "back_numbers": [
      3,
      11
    ],
    "prize_pool": "5,447,396,941.16",
    "sales": "263,978,006",
    "first_prize_num": "534",
    "first_prize_amount": "2,743"
  },
  {
    "draw_num": "18050",
    "draw_date": "2018-05-02",
    "front_numbers": [
      22,
      24,
      26,
      34,
      35
    ],
    "back_numbers": [
      6,
      12
    ],
    "prize_pool": "5,422,293,093.95",
    "sales": "241,836,897",
    "first_prize_num": "312",
    "first_prize_amount": "5,122"
  },
  {
    "draw_num": "18049",
    "draw_date": "2018-04-30",
    "front_numbers": [
      4,
      7,
      9,
      10,
      13
    ],
    "back_numbers": [
      6,
      12
    ],
    "prize_pool": "5,368,233,194.30",
    "sales": "230,788,528",
    "first_prize_num": "359",
    "first_prize_amount": "3,332"
  },
  {
    "draw_num": "18048",
    "draw_date": "2018-04-28",
    "front_numbers": [
      2,
      3,
      11,
      20,
      25
    ],
    "back_numbers": [
      2,
      7
    ],
    "prize_pool": "5,318,104,005.26",
    "sales": "276,622,481",
    "first_prize_num": "635",
    "first_prize_amount": "2,660"
  },
  {
    "draw_num": "18047",
    "draw_date": "2018-04-25",
    "front_numbers": [
      3,
      8,
      10,
      14,
      20
    ],
    "back_numbers": [
      4,
      8
    ],
    "prize_pool": "5,293,491,487.24",
    "sales": "258,398,718",
    "first_prize_num": "478",
    "first_prize_amount": "3,109"
  },
  {
    "draw_num": "18046",
    "draw_date": "2018-04-23",
    "front_numbers": [
      10,
      20,
      22,
      29,
      32
    ],
    "back_numbers": [
      5,
      10
    ],
    "prize_pool": "5,268,370,217.12",
    "sales": "257,284,500",
    "first_prize_num": "568",
    "first_prize_amount": "2,521"
  },
  {
    "draw_num": "18045",
    "draw_date": "2018-04-21",
    "front_numbers": [
      2,
      5,
      20,
      30,
      35
    ],
    "back_numbers": [
      5,
      9
    ],
    "prize_pool": "5,283,900,535.62",
    "sales": "283,210,997",
    "first_prize_num": "474",
    "first_prize_amount": "3,612"
  },
  {
    "draw_num": "18044",
    "draw_date": "2018-04-18",
    "front_numbers": [
      2,
      4,
      6,
      18,
      21
    ],
    "back_numbers": [
      5,
      8
    ],
    "prize_pool": "5,268,779,121.72",
    "sales": "265,929,558",
    "first_prize_num": "503",
    "first_prize_amount": "2,568"
  },
  {
    "draw_num": "18043",
    "draw_date": "2018-04-16",
    "front_numbers": [
      3,
      6,
      13,
      28,
      33
    ],
    "back_numbers": [
      4,
      11
    ],
    "prize_pool": "5,239,147,674.15",
    "sales": "256,568,992",
    "first_prize_num": "931",
    "first_prize_amount": "1,459"
  },
  {
    "draw_num": "18042",
    "draw_date": "2018-04-14",
    "front_numbers": [
      3,
      19,
      25,
      29,
      35
    ],
    "back_numbers": [
      5,
      9
    ],
    "prize_pool": "5,327,068,941.34",
    "sales": "265,007,165",
    "first_prize_num": "1,147",
    "first_prize_amount": "964"
  },
  {
    "draw_num": "18041",
    "draw_date": "2018-04-11",
    "front_numbers": [
      1,
      23,
      25,
      31,
      33
    ],
    "back_numbers": [
      1,
      12
    ],
    "prize_pool": "5,445,163,138.20",
    "sales": "253,422,570",
    "first_prize_num": "197",
    "first_prize_amount": "7,495"
  },
  {
    "draw_num": "18040",
    "draw_date": "2018-04-09",
    "front_numbers": [
      5,
      7,
      18,
      27,
      31
    ],
    "back_numbers": [
      1,
      8
    ],
    "prize_pool": "5,411,665,761.22",
    "sales": "211,513,034",
    "first_prize_num": "423",
    "first_prize_amount": "1,956"
  },
  {
    "draw_num": "18039",
    "draw_date": "2018-04-07",
    "front_numbers": [
      2,
      7,
      14,
      29,
      32
    ],
    "back_numbers": [
      10,
      11
    ],
    "prize_pool": "5,364,269,644.97",
    "sales": "217,344,524",
    "first_prize_num": "193",
    "first_prize_amount": "4,210"
  },
  {
    "draw_num": "18038",
    "draw_date": "2018-04-04",
    "front_numbers": [
      14,
      23,
      25,
      31,
      32
    ],
    "back_numbers": [
      1,
      3
    ],
    "prize_pool": "5,339,234,513.65",
    "sales": "198,878,775",
    "first_prize_num": "92",
    "first_prize_amount": "5,116"
  },
  {
    "draw_num": "18037",
    "draw_date": "2018-04-02",
    "front_numbers": [
      1,
      3,
      27,
      30,
      31
    ],
    "back_numbers": [
      2,
      11
    ],
    "prize_pool": "5,323,867,872.59",
    "sales": "205,790,103",
    "first_prize_num": "143",
    "first_prize_amount": "5,614"
  },
  {
    "draw_num": "18036",
    "draw_date": "2018-03-31",
    "front_numbers": [
      11,
      17,
      18,
      21,
      27
    ],
    "back_numbers": [
      7,
      8
    ],
    "prize_pool": "5,297,754,793.49",
    "sales": "227,859,939",
    "first_prize_num": "168",
    "first_prize_amount": "3,812"
  },
  {
    "draw_num": "18035",
    "draw_date": "2018-03-28",
    "front_numbers": [
      5,
      7,
      10,
      12,
      24
    ],
    "back_numbers": [
      7,
      11
    ],
    "prize_pool": "5,244,871,082.16",
    "sales": "211,060,885",
    "first_prize_num": "171",
    "first_prize_amount": "4,242"
  },
  {
    "draw_num": "18034",
    "draw_date": "2018-03-26",
    "front_numbers": [
      8,
      11,
      22,
      27,
      32
    ],
    "back_numbers": [
      3,
      7
    ],
    "prize_pool": "5,196,338,763.17",
    "sales": "212,117,050",
    "first_prize_num": "312",
    "first_prize_amount": "1,800"
  },
  {
    "draw_num": "18033",
    "draw_date": "2018-03-24",
    "front_numbers": [
      2,
      3,
      19,
      23,
      34
    ],
    "back_numbers": [
      4,
      9
    ],
    "prize_pool": "5,198,381,632.29",
    "sales": "231,061,109",
    "first_prize_num": "404",
    "first_prize_amount": "1,836"
  },
  {
    "draw_num": "18032",
    "draw_date": "2018-03-21",
    "front_numbers": [
      7,
      10,
      17,
      32,
      35
    ],
    "back_numbers": [
      5,
      12
    ],
    "prize_pool": "5,225,006,750.48",
    "sales": "211,403,323",
    "first_prize_num": "185",
    "first_prize_amount": "4,261"
  },
  {
    "draw_num": "18031",
    "draw_date": "2018-03-19",
    "front_numbers": [
      3,
      8,
      13,
      17,
      23
    ],
    "back_numbers": [
      5,
      11
    ],
    "prize_pool": "5,184,093,714.28",
    "sales": "211,527,559",
    "first_prize_num": "198",
    "first_prize_amount": "3,418"
  },
  {
    "draw_num": "18030",
    "draw_date": "2018-03-17",
    "front_numbers": [
      5,
      18,
      21,
      28,
      32
    ],
    "back_numbers": [
      9,
      11
    ],
    "prize_pool": "5,152,546,013.85",
    "sales": "230,478,981",
    "first_prize_num": "392",
    "first_prize_amount": "1,958"
  },
  {
    "draw_num": "18029",
    "draw_date": "2018-03-14",
    "front_numbers": [
      3,
      9,
      21,
      25,
      29
    ],
    "back_numbers": [
      1,
      8
    ],
    "prize_pool": "5,134,052,855.83",
    "sales": "211,962,307",
    "first_prize_num": "374",
    "first_prize_amount": "2,298"
  },
  {
    "draw_num": "18028",
    "draw_date": "2018-03-12",
    "front_numbers": [
      4,
      19,
      25,
      30,
      35
    ],
    "back_numbers": [
      4,
      7
    ],
    "prize_pool": "5,125,941,530.51",
    "sales": "210,397,698",
    "first_prize_num": "226",
    "first_prize_amount": "3,402"
  },
  {
    "draw_num": "18027",
    "draw_date": "2018-03-10",
    "front_numbers": [
      1,
      18,
      20,
      21,
      26
    ],
    "back_numbers": [
      4,
      11
    ],
    "prize_pool": "5,085,962,016.49",
    "sales": "222,637,440",
    "first_prize_num": "188",
    "first_prize_amount": "2,934"
  },
  {
    "draw_num": "18026",
    "draw_date": "2018-03-07",
    "front_numbers": [
      1,
      2,
      3,
      4,
      30
    ],
    "back_numbers": [
      3,
      5
    ],
    "prize_pool": "5,074,912,532.29",
    "sales": "205,938,359",
    "first_prize_num": "333",
    "first_prize_amount": "2,584"
  },
  {
    "draw_num": "18025",
    "draw_date": "2018-03-05",
    "front_numbers": [
      7,
      8,
      9,
      15,
      34
    ],
    "back_numbers": [
      7,
      8
    ],
    "prize_pool": "5,047,617,317.86",
    "sales": "207,433,913",
    "first_prize_num": "362",
    "first_prize_amount": "2,135"
  },
  {
    "draw_num": "18024",
    "draw_date": "2018-03-03",
    "front_numbers": [
      2,
      16,
      24,
      30,
      32
    ],
    "back_numbers": [
      4,
      7
    ],
    "prize_pool": "5,038,602,897.33",
    "sales": "230,080,943",
    "first_prize_num": "196",
    "first_prize_amount": "4,008"
  },
  {
    "draw_num": "18023",
    "draw_date": "2018-02-28",
    "front_numbers": [
      12,
      13,
      18,
      21,
      29
    ],
    "back_numbers": [
      2,
      8
    ],
    "prize_pool": "5,016,451,627.03",
    "sales": "203,587,803",
    "first_prize_num": "364",
    "first_prize_amount": "1,761"
  },
  {
    "draw_num": "18022",
    "draw_date": "2018-02-26",
    "front_numbers": [
      2,
      10,
      19,
      33,
      35
    ],
    "back_numbers": [
      5,
      6
    ],
    "prize_pool": "4,988,506,161.93",
    "sales": "202,288,216",
    "first_prize_num": "138",
    "first_prize_amount": "4,459"
  },
  {
    "draw_num": "18021",
    "draw_date": "2018-02-24",
    "front_numbers": [
      5,
      6,
      8,
      9,
      15
    ],
    "back_numbers": [
      4,
      11
    ],
    "prize_pool": "4,941,852,651.30",
    "sales": "233,520,667",
    "first_prize_num": "297",
    "first_prize_amount": "2,213"
  },
  {
    "draw_num": "18020",
    "draw_date": "2018-02-14",
    "front_numbers": [
      1,
      10,
      13,
      14,
      21
    ],
    "back_numbers": [
      9,
      12
    ],
    "prize_pool": "4,908,324,787.43",
    "sales": "223,552,917",
    "first_prize_num": "173",
    "first_prize_amount": "5,668"
  },
  {
    "draw_num": "18019",
    "draw_date": "2018-02-12",
    "front_numbers": [
      10,
      11,
      19,
      21,
      28
    ],
    "back_numbers": [
      5,
      12
    ],
    "prize_pool": "4,865,933,980.43",
    "sales": "206,501,821",
    "first_prize_num": "193",
    "first_prize_amount": "4,081"
  },
  {
    "draw_num": "18018",
    "draw_date": "2018-02-10",
    "front_numbers": [
      6,
      8,
      13,
      24,
      28
    ],
    "back_numbers": [
      6,
      12
    ],
    "prize_pool": "4,824,492,674.96",
    "sales": "226,108,418",
    "first_prize_num": "256",
    "first_prize_amount": "3,667"
  },
  {
    "draw_num": "18017",
    "draw_date": "2018-02-07",
    "front_numbers": [
      4,
      19,
      21,
      23,
      31
    ],
    "back_numbers": [
      4,
      9
    ],
    "prize_pool": "4,771,863,108.84",
    "sales": "202,520,718",
    "first_prize_num": "243",
    "first_prize_amount": "3,241"
  },
  {
    "draw_num": "18016",
    "draw_date": "2018-02-05",
    "front_numbers": [
      1,
      2,
      12,
      13,
      23
    ],
    "back_numbers": [
      9,
      12
    ],
    "prize_pool": "4,766,514,256.47",
    "sales": "202,835,116",
    "first_prize_num": "280",
    "first_prize_amount": "2,263"
  },
  {
    "draw_num": "18015",
    "draw_date": "2018-02-03",
    "front_numbers": [
      4,
      13,
      15,
      18,
      29
    ],
    "back_numbers": [
      5,
      11
    ],
    "prize_pool": "4,753,653,322.59",
    "sales": "220,572,521",
    "first_prize_num": "263",
    "first_prize_amount": "2,895"
  },
  {
    "draw_num": "18014",
    "draw_date": "2018-01-31",
    "front_numbers": [
      14,
      16,
      18,
      24,
      31
    ],
    "back_numbers": [
      1,
      8
    ],
    "prize_pool": "4,726,825,681.12",
    "sales": "203,817,985",
    "first_prize_num": "122",
    "first_prize_amount": "6,513"
  },
  {
    "draw_num": "18013",
    "draw_date": "2018-01-29",
    "front_numbers": [
      8,
      24,
      31,
      33,
      35
    ],
    "back_numbers": [
      7,
      10
    ],
    "prize_pool": "4,684,812,702.88",
    "sales": "203,090,721",
    "first_prize_num": "157",
    "first_prize_amount": "4,888"
  },
  {
    "draw_num": "18012",
    "draw_date": "2018-01-27",
    "front_numbers": [
      3,
      22,
      24,
      29,
      34
    ],
    "back_numbers": [
      7,
      11
    ],
    "prize_pool": "4,635,213,010.41",
    "sales": "218,599,858",
    "first_prize_num": "165",
    "first_prize_amount": "3,567"
  },
  {
    "draw_num": "18011",
    "draw_date": "2018-01-24",
    "front_numbers": [
      3,
      13,
      15,
      23,
      26
    ],
    "back_numbers": [
      1,
      10
    ],
    "prize_pool": "4,641,173,456.84",
    "sales": "203,498,133",
    "first_prize_num": "123",
    "first_prize_amount": "6,216"
  },
  {
    "draw_num": "18010",
    "draw_date": "2018-01-22",
    "front_numbers": [
      24,
      25,
      26,
      28,
      29
    ],
    "back_numbers": [
      4,
      12
    ],
    "prize_pool": "4,588,018,755.46",
    "sales": "209,455,315",
    "first_prize_num": "148",
    "first_prize_amount": "4,592"
  },
  {
    "draw_num": "18009",
    "draw_date": "2018-01-20",
    "front_numbers": [
      10,
      12,
      28,
      30,
      34
    ],
    "back_numbers": [
      3,
      4
    ],
    "prize_pool": "4,570,009,063.45",
    "sales": "230,281,073",
    "first_prize_num": "133",
    "first_prize_amount": "7,189"
  },
  {
    "draw_num": "18008",
    "draw_date": "2018-01-17",
    "front_numbers": [
      9,
      15,
      17,
      20,
      22
    ],
    "back_numbers": [
      10,
      11
    ],
    "prize_pool": "4,509,562,520.37",
    "sales": "211,879,491",
    "first_prize_num": "148",
    "first_prize_amount": "2,479"
  },
  {
    "draw_num": "18007",
    "draw_date": "2018-01-15",
    "front_numbers": [
      3,
      4,
      28,
      31,
      34
    ],
    "back_numbers": [
      4,
      11
    ],
    "prize_pool": "4,504,102,672.18",
    "sales": "210,430,592",
    "first_prize_num": "211",
    "first_prize_amount": "4,001"
  },
  {
    "draw_num": "18006",
    "draw_date": "2018-01-13",
    "front_numbers": [
      19,
      20,
      30,
      32,
      33
    ],
    "back_numbers": [
      3,
      5
    ],
    "prize_pool": "4,483,250,787.12",
    "sales": "228,876,959",
    "first_prize_num": "321",
    "first_prize_amount": "2,449"
  },
  {
    "draw_num": "18005",
    "draw_date": "2018-01-10",
    "front_numbers": [
      4,
      9,
      23,
      24,
      30
    ],
    "back_numbers": [
      8,
      11
    ],
    "prize_pool": "4,435,847,449.69",
    "sales": "208,354,385",
    "first_prize_num": "361",
    "first_prize_amount": "1,819"
  },
  {
    "draw_num": "18004",
    "draw_date": "2018-01-08",
    "front_numbers": [
      4,
      9,
      22,
      28,
      30
    ],
    "back_numbers": [
      1,
      10
    ],
    "prize_pool": "4,445,675,467.45",
    "sales": "205,801,716",
    "first_prize_num": "162",
    "first_prize_amount": "3,691"
  },
  {
    "draw_num": "18003",
    "draw_date": "2018-01-06",
    "front_numbers": [
      4,
      21,
      23,
      24,
      30
    ],
    "back_numbers": [
      9,
      10
    ],
    "prize_pool": "4,440,647,604.82",
    "sales": "226,801,109",
    "first_prize_num": "197",
    "first_prize_amount": "3,816"
  },
  {
    "draw_num": "18002",
    "draw_date": "2018-01-03",
    "front_numbers": [
      12,
      20,
      23,
      27,
      34
    ],
    "back_numbers": [
      1,
      6
    ],
    "prize_pool": "4,443,585,959.01",
    "sales": "208,431,222",
    "first_prize_num": "225",
    "first_prize_amount": "2,188"
  },
  {
    "draw_num": "18001",
    "draw_date": "2018-01-01",
    "front_numbers": [
      1,
      13,
      22,
      25,
      35
    ],
    "back_numbers": [
      3,
      4
    ],
    "prize_pool": "4,479,674,483.42",
    "sales": "215,274,808",
    "first_prize_num": "131",
    "first_prize_amount": "5,578"
  },
  {
    "draw_num": "17153",
    "draw_date": "2017-12-30",
    "front_numbers": [
      1,
      9,
      24,
      26,
      34
    ],
    "back_numbers": [
      9,
      12
    ],
    "prize_pool": "4,478,126,302.73",
    "sales": "236,928,410",
    "first_prize_num": "193",
    "first_prize_amount": "4,406"
  },
  {
    "draw_num": "17152",
    "draw_date": "2017-12-27",
    "front_numbers": [
      2,
      4,
      7,
      23,
      28
    ],
    "back_numbers": [
      2,
      8
    ],
    "prize_pool": "4,466,541,182.05",
    "sales": "214,887,235",
    "first_prize_num": "266",
    "first_prize_amount": "2,662"
  },
  {
    "draw_num": "17151",
    "draw_date": "2017-12-25",
    "front_numbers": [
      5,
      6,
      23,
      28,
      32
    ],
    "back_numbers": [
      4,
      5
    ],
    "prize_pool": "4,464,946,961.94",
    "sales": "211,995,741",
    "first_prize_num": "220",
    "first_prize_amount": "4,246"
  },
  {
    "draw_num": "17150",
    "draw_date": "2017-12-23",
    "front_numbers": [
      3,
      6,
      10,
      13,
      18
    ],
    "back_numbers": [
      9,
      11
    ],
    "prize_pool": "4,457,502,260.87",
    "sales": "235,911,666",
    "first_prize_num": "152",
    "first_prize_amount": "5,578"
  },
  {
    "draw_num": "17149",
    "draw_date": "2017-12-20",
    "front_numbers": [
      10,
      18,
      19,
      25,
      26
    ],
    "back_numbers": [
      4,
      12
    ],
    "prize_pool": "4,407,904,079.86",
    "sales": "216,816,379",
    "first_prize_num": "178",
    "first_prize_amount": "4,304"
  },
  {
    "draw_num": "17148",
    "draw_date": "2017-12-18",
    "front_numbers": [
      19,
      27,
      31,
      32,
      35
    ],
    "back_numbers": [
      11,
      12
    ],
    "prize_pool": "4,364,959,468.08",
    "sales": "211,263,443",
    "first_prize_num": "256",
    "first_prize_amount": "2,376"
  },
  {
    "draw_num": "17147",
    "draw_date": "2017-12-16",
    "front_numbers": [
      5,
      16,
      17,
      25,
      34
    ],
    "back_numbers": [
      1,
      11
    ],
    "prize_pool": "4,367,250,718.28",
    "sales": "229,737,246",
    "first_prize_num": "189",
    "first_prize_amount": "5,059"
  },
  {
    "draw_num": "17146",
    "draw_date": "2017-12-13",
    "front_numbers": [
      1,
      5,
      11,
      14,
      35
    ],
    "back_numbers": [
      9,
      10
    ],
    "prize_pool": "4,318,480,826.62",
    "sales": "213,122,165",
    "first_prize_num": "248",
    "first_prize_amount": "2,385"
  },
  {
    "draw_num": "17145",
    "draw_date": "2017-12-11",
    "front_numbers": [
      4,
      7,
      17,
      18,
      19
    ],
    "back_numbers": [
      3,
      10
    ],
    "prize_pool": "4,317,224,774.98",
    "sales": "213,369,884",
    "first_prize_num": "462",
    "first_prize_amount": "1,559"
  },
  {
    "draw_num": "17144",
    "draw_date": "2017-12-09",
    "front_numbers": [
      3,
      21,
      23,
      29,
      32
    ],
    "back_numbers": [
      10,
      11
    ],
    "prize_pool": "4,309,699,345.11",
    "sales": "233,101,357",
    "first_prize_num": "246",
    "first_prize_amount": "3,896"
  },
  {
    "draw_num": "17143",
    "draw_date": "2017-12-06",
    "front_numbers": [
      6,
      9,
      24,
      29,
      32
    ],
    "back_numbers": [
      2,
      7
    ],
    "prize_pool": "4,282,393,686.41",
    "sales": "209,971,249",
    "first_prize_num": "219",
    "first_prize_amount": "2,971"
  },
  {
    "draw_num": "17142",
    "draw_date": "2017-12-04",
    "front_numbers": [
      1,
      5,
      16,
      19,
      28
    ],
    "back_numbers": [
      2,
      10
    ],
    "prize_pool": "4,275,347,171.15",
    "sales": "209,153,464",
    "first_prize_num": "225",
    "first_prize_amount": "3,243"
  },
  {
    "draw_num": "17141",
    "draw_date": "2017-12-02",
    "front_numbers": [
      2,
      8,
      21,
      22,
      29
    ],
    "back_numbers": [
      3,
      5
    ],
    "prize_pool": "4,237,389,514.38",
    "sales": "227,842,115",
    "first_prize_num": "204",
    "first_prize_amount": "4,180"
  },
  {
    "draw_num": "17140",
    "draw_date": "2017-11-29",
    "front_numbers": [
      10,
      16,
      25,
      26,
      29
    ],
    "back_numbers": [
      1,
      5
    ],
    "prize_pool": "4,219,678,773.37",
    "sales": "210,287,622",
    "first_prize_num": "368",
    "first_prize_amount": "3,049"
  },
  {
    "draw_num": "17139",
    "draw_date": "2017-11-27",
    "front_numbers": [
      2,
      6,
      19,
      25,
      32
    ],
    "back_numbers": [
      9,
      12
    ],
    "prize_pool": "4,210,596,967.28",
    "sales": "208,076,169",
    "first_prize_num": "321",
    "first_prize_amount": "2,063"
  },
  {
    "draw_num": "17138",
    "draw_date": "2017-11-25",
    "front_numbers": [
      4,
      7,
      9,
      20,
      25
    ],
    "back_numbers": [
      2,
      11
    ],
    "prize_pool": "4,195,563,190.17",
    "sales": "224,706,665",
    "first_prize_num": "309",
    "first_prize_amount": "2,578"
  },
  {
    "draw_num": "17137",
    "draw_date": "2017-11-22",
    "front_numbers": [
      1,
      20,
      22,
      28,
      29
    ],
    "back_numbers": [
      5,
      7
    ],
    "prize_pool": "4,236,731,015.78",
    "sales": "208,371,260",
    "first_prize_num": "132",
    "first_prize_amount": "4,622"
  },
  {
    "draw_num": "17136",
    "draw_date": "2017-11-20",
    "front_numbers": [
      1,
      11,
      20,
      21,
      22
    ],
    "back_numbers": [
      3,
      4
    ],
    "prize_pool": "4,314,495,402.73",
    "sales": "204,621,999",
    "first_prize_num": "316",
    "first_prize_amount": "2,063"
  }
]