[
  {
    "draw_num": "19028",
    "draw_date": "2019-03-13",
    "front_numbers": [
      6,
      22,
      28,
      29,
      33
    ],
    "back_numbers": [
      2,
      7
    ],
    "prize_pool": "7,126,442,763.63",
    "sales": "265,043,546",
    "first_prize_num": "0",
    "first_prize_amount": "---"
  },
  {
    "draw_num": "19027",
    "draw_date": "2019-03-11",
    "front_numbers": [
      16,
      18,
      24,
      25,
      27
    ],
    "back_numbers": [
      2,
      7
    ],
    "prize_pool": "7,126,442,763.63",
    "sales": "258,310,439",
    "first_prize_num": "1",
    "first_prize_amount": "10,000,000"
  },
  {
    "draw_num": "19026",
    "draw_date": "2019-03-09",
    "front_numbers": [
      10,
      12,
      15,
      17,
      19
    ],
    "back_numbers": [
      2,
      3
    ],
    "prize_pool": "7,119,844,630.41",
    "sales": "276,287,254",
    "first_prize_num": "7",
    "first_prize_amount": "10,000,000"
  },
  {
    "draw_num": "19025",
    "draw_date": "2019-03-06",
    "front_numbers": [
      6,
      13,
      16,
      19,
      29
    ],
    "back_numbers": [
      3,
      7
    ],
    "prize_pool": "7,214,723,367.23",
    "sales": "254,293,562",
    "first_prize_num": "1",
    "first_prize_amount": "10,000,000"
  },
  {
    "draw_num": "19024",
    "draw_date": "2019-03-04",
    "front_numbers": [
      11,
      17,
      19,
      29,
      33
    ],
    "back_numbers": [
      8,
      9
    ],
    "prize_pool": "7,212,374,715.45",
    "sales": "253,993,953",
    "first_prize_num": "5",
    "first_prize_amount": "10,000,000"
  },
  {
    "draw_num": "19023",
    "draw_date": "2019-03-02",
    "front_numbers": [
      1,
      3,
      14,
      26,
      30
    ],
    "back_numbers": [
      6,
      11
    ],
    "prize_pool": "7,266,412,330.52",
    "sales": "271,045,330",
    "first_prize_num": "1",
    "first_prize_amount": "10,000,000"
  },
  {
    "draw_num": "19022",
    "draw_date": "2019-02-27",
    "front_numbers": [
      1,
      4,
      14,
      15,
      21
    ],
    "back_numbers": [
      1,
      5
    ],
    "prize_pool": "7,260,411,038.25",
    "sales": "250,698,873",
    "first_prize_num": "3",
    "first_prize_amount": "10,000,000"
  },
  {
    "draw_num": "19021",
    "draw_date": "2019-02-25",
    "front_numbers": [
      7,
      13,
      17,
      24,
      33
    ],
    "back_numbers": [
      1,
      10
    ],
    "prize_pool": "7,281,471,244.44",
    "sales": "246,282,617",
    "first_prize_num": "3",
    "first_prize_amount": "10,000,000"
  },
  {
    "draw_num": "19020",
    "draw_date": "2019-02-23",
    "front_numbers": [
      1,
      8,
      16,
      27,
      34
    ],
    "back_numbers": [
      3,
      12
    ],
    "prize_pool": "7,305,795,077.03",
    "sales": "262,801,443",
    "first_prize_num": "4",
    "first_prize_amount": "10,000,000"
  },
  {
    "draw_num": "19019",
    "draw_date": "2019-02-20",
    "front_numbers": [
      4,
      11,
      19,
      25,
      32
    ],
    "back_numbers": [
      1,
      2
    ],
    "prize_pool": "7,344,326,745.47",
    "sales": "240,747,642",
    "first_prize_num": "3",
    "first_prize_amount": "10,000,000"
  },
  {
    "draw_num": "19018",
    "draw_date": "2019-02-18",
    "front_numbers": [
      3,
      18,
      19,
      26,
      34
    ],
    "back_numbers": [
      6,
      12
    ],
    "prize_pool": "7,368,392,285.46",
    "sales": "206,286,685",
    "first_prize_num": "271",
    "first_prize_amount": "3,391"
  },
  {
    "draw_num": "19017",
    "draw_date": "2019-02-16",
    "front_numbers": [
      1,
      5,
      7,
      22,
      25
    ],
    "back_numbers": [
      3,
      4
    ],
    "prize_pool": "7,345,788,306.22",
    "sales": "224,354,188",
    "first_prize_num": "239",
    "first_prize_amount": "4,004"
  },
  {
    "draw_num": "19016",
    "draw_date": "2019-02-13",
    "front_numbers": [
      3,
      5,
      13,
      16,
      28
    ],
    "back_numbers": [
      2,
      6
    ],
    "prize_pool": "7,335,987,177.13",
    "sales": "199,463,845",
    "first_prize_num": "150",
    "first_prize_amount": "4,783"
  },
  {
    "draw_num": "19015",
    "draw_date": "2019-02-11",
    "front_numbers": [
      2,
      5,
      10,
      13,
      30
    ],
    "back_numbers": [
      4,
      6
    ],
    "prize_pool": "7,318,529,721.59",
    "sales": "200,905,382",
    "first_prize_num": "298",
    "first_prize_amount": "3,228"
  },
  {
    "draw_num": "19014",
    "draw_date": "2019-02-02",
    "front_numbers": [
      12,
      14,
      20,
      28,
      31
    ],
    "back_numbers": [
      9,
      11
    ],
    "prize_pool": "7,281,902,287.45",
    "sales": "252,453,111",
    "first_prize_num": "340",
    "first_prize_amount": "2,482"
  },
  {
    "draw_num": "19013",
    "draw_date": "2019-01-30",
    "front_numbers": [
      8,
      10,
      15,
      17,
      18
    ],
    "back_numbers": [
      1,
      8
    ],
    "prize_pool": "7,261,573,924.16",
    "sales": "209,355,520",
    "first_prize_num": "311",
    "first_prize_amount": "1,720"
  },
  {
    "draw_num": "19012",
    "draw_date": "2019-01-28",
    "front_numbers": [
      5,
      9,
      17,
      18,
      19
    ],
    "back_numbers": [
      7,
      10
    ],
    "prize_pool": "7,270,412,609.81",
    "sales": "208,049,284",
    "first_prize_num": "458",
    "first_prize_amount": "977"
  },
  {
    "draw_num": "19011",
    "draw_date": "2019-01-26",
    "front_numbers": [
      4,
      12,
      13,
      16,
      17
    ],
    "back_numbers": [
      4,
      9
    ],
    "prize_pool": "7,282,068,516.69",
    "sales": "229,215,164",
    "first_prize_num": "248",
    "first_prize_amount": "2,887"
  },
  {
    "draw_num": "19010",
    "draw_date": "2019-01-23",
    "front_numbers": [
      3,
      7,
      24,
      25,
      27
    ],
    "back_numbers": [
      2,
      12
    ],
    "prize_pool": "7,255,514,505.17",
    "sales": "213,767,581",
    "first_prize_num": "175",
    "first_prize_amount": "5,103"
  },
  {
    "draw_num": "19009",
    "draw_date": "2019-01-21",
    "front_numbers": [
      3,
      9,
      15,
      18,
      26
    ],
    "back_numbers": [
      6,
      12
    ],
    "prize_pool": "7,221,191,570.40",
    "sales": "208,724,945",
    "first_prize_num": "377",
    "first_prize_amount": "2,182"
  },
  {
    "draw_num": "19008",
    "draw_date": "2019-01-19",
    "front_numbers": [
      3,
      8,
      17,
      20,
      24
    ],
    "back_numbers": [
      6,
      11
    ],
    "prize_pool": "7,175,235,779.36",
    "sales": "235,369,276",
    "first_prize_num": "330",
    "first_prize_amount": "2,906"
  },
  {
    "draw_num": "19007",
    "draw_date": "2019-01-16",
    "front_numbers": [
      3,
      12,
      16,
      29,
      32
    ],
    "back_numbers": [
      1,
      5
    ],
    "prize_pool": "7,231,975,347.18",
    "sales": "212,856,147",
    "first_prize_num": "207",
    "first_prize_amount": "4,417"
  },
  {
    "draw_num": "19006",
    "draw_date": "2019-01-14",
    "front_numbers": [
      14,
      17,
      19,
      25,
      30
    ],
    "back_numbers": [
      4,
      8
    ],
    "prize_pool": "7,179,104,849.41",
    "sales": "211,569,980",
    "first_prize_num": "527",
    "first_prize_amount": "931"
  },
  {
    "draw_num": "19005",
    "draw_date": "2019-01-12",
    "front_numbers": [
      21,
      26,
      27,
      29,
      34
    ],
    "back_numbers": [
      5,
      6
    ],
    "prize_pool": "7,179,285,216.01",
    "sales": "226,883,398",
    "first_prize_num": "364",
    "first_prize_amount": "1,955"
  },
  {
    "draw_num": "19004",
    "draw_date": "2019-01-09",
    "front_numbers": [
      15,
      16,
      17,
      31,
      32
    ],
    "back_numbers": [
      3,
      9
    ],
    "prize_pool": "7,161,063,055.99",
    "sales": "204,580,697",
    "first_prize_num": "373",
    "first_prize_amount": "1,713"
  },
  {
    "draw_num": "19003",
    "draw_date": "2019-01-07",
    "front_numbers": [
      4,
      8,
      18,
      20,
      32
    ],
    "back_numbers": [
      10,
      12
    ],
    "prize_pool": "7,201,268,804.59",
    "sales": "207,380,158",
    "first_prize_num": "188",
    "first_prize_amount": "4,374"
  },
  {
    "draw_num": "19002",
    "draw_date": "2019-01-05",
    "front_numbers": [
      2,
      7,
      14,
      22,
      31
    ],
    "back_numbers": [
      1,
      7
    ],
    "prize_pool": "7,151,049,695.27",
    "sales": "225,241,300",
    "first_prize_num": "360",
    "first_prize_amount": "1,884"
  },
  {
    "draw_num": "19001",
    "draw_date": "2019-01-02",
    "front_numbers": [
      6,
      18,
      23,
      26,
      28
    ],
    "back_numbers": [
      3,
      12
    ],
    "prize_pool": "7,142,421,311.27",
    "sales": "210,010,629",
    "first_prize_num": "243",
    "first_prize_amount": "3,760"
  },
  {
    "draw_num": "18154",
    "draw_date": "2018-12-31",
    "front_numbers": [
      14,
      22,
      23,
      26,
      30
    ],
    "back_numbers": [
      3,
      5
    ],
    "prize_pool": "7,118,917,925.11",
    "sales": "211,659,213",
    "first_prize_num": "173",
    "first_prize_amount": "4,163"
  },
  {
    "draw_num": "18153",
    "draw_date": "2018-12-29",
    "front_numbers": [
      3,
      6,
      7,
      8,
      21
    ],
    "back_numbers": [
      1,
      8
    ],
    "prize_pool": "7,088,689,110.58",
    "sales": "226,088,197",
    "first_prize_num": "465",
    "first_prize_amount": "2,358"
  },
  {
    "draw_num": "18152",
    "draw_date": "2018-12-26",
    "front_numbers": [
      2,
      4,
      5,
      12,
      28
    ],
    "back_numbers": [
      8,
      11
    ],
    "prize_pool": "7,064,136,608.18",
    "sales": "205,613,392",
    "first_prize_num": "175",
    "first_prize_amount": "4,328"
  },
  {
    "draw_num": "18151",
    "draw_date": "2018-12-24",
    "front_numbers": [
      4,
      8,
      18,
      29,
      30
    ],
    "back_numbers": [
      3,
      7
    ],
    "prize_pool": "7,018,219,322.87",
    "sales": "207,291,663",
    "first_prize_num": "465",
    "first_prize_amount": "1,718"
  },
  {
    "draw_num": "18150",
    "draw_date": "2018-12-22",
    "front_numbers": [
      5,
      12,
      13,
      31,
      34
    ],
    "back_numbers": [
      10,
      12
    ],
    "prize_pool": "7,002,968,220.47",
    "sales": "225,791,549",
    "first_prize_num": "168",
    "first_prize_amount": "5,518"
  },
  {
    "draw_num": "18149",
    "draw_date": "2018-12-19",
    "front_numbers": [
      1,
      7,
      10,
      11,
      20
    ],
    "back_numbers": [
      3,
      6
    ],
    "prize_pool": "6,956,714,763.71",
    "sales": "207,515,954",
    "first_prize_num": "411",
    "first_prize_amount": "2,298"
  },
  {
    "draw_num": "18148",
    "draw_date": "2018-12-17",
    "front_numbers": [
      2,
      6,
      24,
      33,
      34
    ],
    "back_numbers": [
      2,
      3
    ],
    "prize_pool": "6,967,866,677.36",
    "sales": "208,136,096",
    "first_prize_num": "187",
    "first_prize_amount": "3,824"
  },
  {
    "draw_num": "18147",
    "draw_date": "2018-12-15",
    "front_numbers": [
      1,
      11,
      26,
      33,
      35
    ],
    "back_numbers": [
      2,
      10
    ],
    "prize_pool": "6,972,210,324.58",
    "sales": "223,971,838",
    "first_prize_num": "281",
    "first_prize_amount": "4,339"
  },
  {
    "draw_num": "18146",
    "draw_date": "2018-12-12",
    "front_numbers": [
      3,
      8,
      9,
      13,
      33
    ],
    "back_numbers": [
      1,
      2
    ],
    "prize_pool": "6,915,052,805.36",
    "sales": "205,362,986",
    "first_prize_num": "206",
    "first_prize_amount": "4,532"
  },
  {
    "draw_num": "18145",
    "draw_date": "2018-12-10",
    "front_numbers": [
      9,
      18,
      29,
      31,
      33
    ],
    "back_numbers": [
      6,
      11
    ],
    "prize_pool": "6,863,931,453",
    "sales": "203,937,312",
    "first_prize_num": "255",
    "first_prize_amount": "3,394"
  },
  {
    "draw_num": "18144",
    "draw_date": "2018-12-08",
    "front_numbers": [
      6,
      17,
      18,
      24,
      31
    ],
    "back_numbers": [
      7,
      11
    ],
    "prize_pool": "6,852,100,778.34",
    "sales": "218,318,880",
    "first_prize_num": "474",
    "first_prize_amount": "1,628"
  },
  {
    "draw_num": "18143",
    "draw_date": "2018-12-05",
    "front_numbers": [
      4,
      7,
      20,
      22,
      33
    ],
    "back_numbers": [
      1,
      2
    ],
    "prize_pool": "6,875,246,343.44",
    "sales": "209,812,542",
    "first_prize_num": "130",
    "first_prize_amount": "5,767"
  },
  {
    "draw_num": "18142",
    "draw_date": "2018-12-03",
    "front_numbers": [
      19,
      24,
      28,
      29,
      34
    ],
    "back_numbers": [
      10,
      11
    ],
    "prize_pool": "6,821,793,738",
    "sales": "209,733,653",
    "first_prize_num": "249",
    "first_prize_amount": "2,992"
  },
  {
    "draw_num": "18141",
    "draw_date": "2018-12-01",
    "front_numbers": [
      3,
      7,
      23,
      26,
      33
    ],
    "back_numbers": [
      4,
      9
    ],
    "prize_pool": "6,821,675,414.27",
    "sales": "229,878,514",
    "first_prize_num": "279",
    "first_prize_amount": "2,610"
  },
  {
    "draw_num": "18140",
    "draw_date": "2018-11-28",
    "front_numbers": [
      1,
      6,
      8,
      12,
      15
    ],
    "back_numbers": [
      3,
      4
    ],
    "prize_pool": "6,827,035,600.62",
    "sales": "214,669,161",
    "first_prize_num": "237",
    "first_prize_amount": "3,649"
  },
  {
    "draw_num": "18139",
    "draw_date": "2018-11-26",
    "front_numbers": [
      5,
      11,
      16,
      28,
      35
    ],
    "back_numbers": [
      6,
      9
    ],
    "prize_pool": "6,818,142,501.45",
    "sales": "211,260,296",
    "first_prize_num": "337",
    "first_prize_amount": "1,974"
  },
  {
    "draw_num": "18138",
    "draw_date": "2018-11-24",
    "front_numbers": [
      1,
      23,
      24,
      28,
      33
    ],
    "back_numbers": [
      4,
      5
    ],
    "prize_pool": "6,820,616,434.92",
    "sales": "235,550,538",
    "first_prize_num": "222",
    "first_prize_amount": "4,622"
  },
  {
    "draw_num": "18137",
    "draw_date": "2018-11-21",
    "front_numbers": [
      7,
      10,
      22,
      23,
      33
    ],
    "back_numbers": [
      8,
      11
    ],
    "prize_pool": "6,774,793,860.95",
    "sales": "213,366,740",
    "first_prize_num": "245",
    "first_prize_amount": "2,643"
  },
  {
    "draw_num": "18136",
    "draw_date": "2018-11-19",
    "front_numbers": [
      3,
      11,
      12,
      19,
      21
    ],
    "back_numbers": [
      5,
      11
    ],
    "prize_pool": "6,745,147,509",
    "sales": "211,832,625",
    "first_prize_num": "284",
    "first_prize_amount": "2,219"
  },
  {
    "draw_num": "18135",
    "draw_date": "2018-11-17",
    "front_numbers": [
      14,
      19,
      23,
      27,
      34
    ],
    "back_numbers": [
      6,
      12
    ],
    "prize_pool": "6,728,041,749.31",
    "sales": "234,501,139",
    "first_prize_num": "128",
    "first_prize_amount": "7,676"
  },
  {
    "draw_num": "18134",
    "draw_date": "2018-11-14",
    "front_numbers": [
      4,
      5,
      19,
      31,
      35
    ],
    "back_numbers": [
      2,
      12
    ],
    "prize_pool": "6,685,696,823.23",
    "sales": "216,189,491",
    "first_prize_num": "161",
    "first_prize_amount": "6,352"
  },
  {
    "draw_num": "18133",
    "draw_date": "2018-11-12",
    "front_numbers": [
      8,
      12,
      14,
      15,
      19
    ],
    "back_numbers": [
      1,
      10
    ],
    "prize_pool": "6,657,631,974.04",
    "sales": "217,396,050",
    "first_prize_num": "165",
    "first_prize_amount": "5,335"
  },
  {
    "draw_num": "18132",
    "draw_date": "2018-11-10",
    "front_numbers": [
      3,
      16,
      22,
      23,
      27
    ],
    "back_numbers": [
      1,
      4
    ],
    "prize_pool": "6,678,376,013.66",
    "sales": "239,163,144",
    "first_prize_num": "305",
    "first_prize_amount": "3,866"
  },
  {
    "draw_num": "18131",
    "draw_date": "2018-11-07",
    "front_numbers": [
      12,
      14,
      21,
      32,
      33
    ],
    "back_numbers": [
      2,
      11
    ],
    "prize_pool": "6,635,339,455.74",
    "sales": "216,536,327",
    "first_prize_num": "219",
    "first_prize_amount": "4,688"
  },
  {
    "draw_num": "18130",
    "draw_date": "2018-11-05",
    "front_numbers": [
      3,
      4,
      16,
      18,
      25
    ],
    "back_numbers": [
      1,
      11
    ],
    "prize_pool": "6,590,885,413.07",
    "sales": "217,325,653",
    "first_prize_num": "370",
    "first_prize_amount": "2,832"
  },
  {
    "draw_num": "18129",
    "draw_date": "2018-11-03",
    "front_numbers": [
      4,
      7,
      21,
      22,
      29
    ],
    "back_numbers": [
      3,
      6
    ],
    "prize_pool": "6,576,364,115.59",
    "sales": "235,940,348",
    "first_prize_num": "653",
    "first_prize_amount": "900"
  },
  {
    "draw_num": "18128",
    "draw_date": "2018-10-31",
    "front_numbers": [
      11,
      12,
      14,
      16,
      26
    ],
    "back_numbers": [
      8,
      9
    ],
    "prize_pool": "6,594,664,860.45",
    "sales": "220,324,605",
    "first_prize_num": "202",
    "first_prize_amount": "3,811"
  },
  {
    "draw_num": "18127",
    "draw_date": "2018-10-29",
    "front_numbers": [
      1,
      3,
      4,
      11,
      29
    ],
    "back_numbers": [
      8,
      12
    ],
    "prize_pool": "6,564,347,966.86",
    "sales": "217,690,667",
    "first_prize_num": "384",
    "first_prize_amount": "2,514"
  },
  {
    "draw_num": "18126",
    "draw_date": "2018-10-27",
    "front_numbers": [
      11,
      13,
      15,
      21,
      27
    ],
    "back_numbers": [
      5,
      6
    ],
    "prize_pool": "6,554,917,405.49",
    "sales": "237,550,025",
    "first_prize_num": "333",
    "first_prize_amount": "3,199"
  },
  {
    "draw_num": "18125",
    "draw_date": "2018-10-24",
    "front_numbers": [
      7,
      16,
      20,
      21,
      34
    ],
    "back_numbers": [
      4,
      6
    ],
    "prize_pool": "6,522,197,027.55",
    "sales": "219,795,983",
    "first_prize_num": "318",
    "first_prize_amount": "3,433"
  },
  {
    "draw_num": "18124",
    "draw_date": "2018-10-22",
    "front_numbers": [
      8,
      10,
      12,
      19,
      20
    ],
    "back_numbers": [
      10,
      11
    ],
    "prize_pool": "6,524,154,322.05",
    "sales": "216,443,708",
    "first_prize_num": "385",
    "first_prize_amount": "1,695"
  },
  {
    "draw_num": "18123",
    "draw_date": "2018-10-20",
    "front_numbers": [
      6,
      9,
      29,
      32,
      35
    ],
    "back_numbers": [
      2,
      4
    ],
    "prize_pool": "6,522,610,651.61",
    "sales": "234,208,723",
    "first_prize_num": "224",
    "first_prize_amount": "3,207"
  },
  {
    "draw_num": "18122",
    "draw_date": "2018-10-17",
    "front_numbers": [
      8,
      9,
      21,
      30,
      31
    ],
    "back_numbers": [
      5,
      12
    ],
    "prize_pool": "6,530,054,426.41",
    "sales": "214,571,833",
    "first_prize_num": "251",
    "first_prize_amount": "3,369"
  },
  {
    "draw_num": "18121",
    "draw_date": "2018-10-15",
    "front_numbers": [
      6,
      7,
      21,
      29,
      30
    ],
    "back_numbers": [
      1,
      10
    ],
    "prize_pool": "6,520,734,499.03",
    "sales": "207,915,429",
    "first_prize_num": "319",
    "first_prize_amount": "1,912"
  },
  {
    "draw_num": "18120",
    "draw_date": "2018-10-13",
    "front_numbers": [
      21,
      22,
      25,
      27,
      30
    ],
    "back_numbers": [
      8,
      9
    ],
    "prize_pool": "6,502,829,135.12",
    "sales": "234,821,953",
    "first_prize_num": "154",
    "first_prize_amount": "5,466"
  },
  {
    "draw_num": "18119",
    "draw_date": "2018-10-10",
    "front_numbers": [
      6,
      9,
      11,
      16,
      35
    ],
    "back_numbers": [
      2,
      5
    ],
    "prize_pool": "6,481,977,558.64",
    "sales": "212,932,980",
    "first_prize_num": "238",
    "first_prize_amount": "2,532"
  },
  {
    "draw_num": "18118",
    "draw_date": "2018-10-08",
    "front_numbers": [
      4,
      5,
      14,
      21,
      34
    ],
    "back_numbers": [
      6,
      9
    ],
    "prize_pool": "6,485,845,808.74",
    "sales": "211,508,812",
    "first_prize_num": "297",
    "first_prize_amount": "1,692"
  },
  {
    "draw_num": "18117",
    "draw_date": "2018-10-06",
    "front_numbers": [
      7,
      11,
      13,
      22,
      29
    ],
    "back_numbers": [
      3,
      8
    ],
    "prize_pool": "6,498,990,134.83",
    "sales": "217,651,581",
    "first_prize_num": "499",
    "first_prize_amount": "1,215"
  },
  {
    "draw_num": "18116",
    "draw_date": "2018-10-03",
    "front_numbers": [
      1,
      14,
      17,
      21,
      33
    ],
    "back_numbers": [
      7,
      10
    ],
    "prize_pool": "6,524,536,540.06",
    "sales": "182,177,791",
    "first_prize_num": "279",
    "first_prize_amount": "2,410"
  },
  {
    "draw_num": "18115",
    "draw_date": "2018-10-01",
    "front_numbers": [
      2,
      6,
      13,
      18,
      25
    ],
    "back_numbers": [
      1,
      2
    ],
    "prize_pool": "6,535,370,887.62",
    "sales": "188,986,085",
    "first_prize_num": "245",
    "first_prize_amount": "2,826"
  },
  {
    "draw_num": "18114",
    "draw_date": "2018-09-29",
    "front_numbers": [
      12,
      18,
      26,
      28,
      29
    ],
    "back_numbers": [
      5,
      6
    ],
    "prize_pool": "6,552,450,316.38",
    "sales": "224,148,934",
    "first_prize_num": "406",
    "first_prize_amount": "2,110"
  },
  {
    "draw_num": "18113",
    "draw_date": "2018-09-26",
    "front_numbers": [
      8,
      12,
      27,
      31,
      33
    ],
    "back_numbers": [
      4,
      8
    ],
    "prize_pool": "6,557,535,636.88",
    "sales": "204,939,053",
    "first_prize_num": "218",
    "first_prize_amount": "3,325"
  },
  {
    "draw_num": "18112",
    "draw_date": "2018-09-24",
    "front_numbers": [
      3,
      7,
      8,
      9,
      29
    ],
    "back_numbers": [
      9,
      10
    ],
    "prize_pool": "6,521,875,291.15",
    "sales": "193,514,083",
    "first_prize_num": "340",
    "first_prize_amount": "1,867"
  },
  {
    "draw_num": "18111",
    "draw_date": "2018-09-22",
    "front_numbers": [
      3,
      16,
      27,
      28,
      32
    ],
    "back_numbers": [
      4,
      5
    ],
    "prize_pool": "6,520,081,923.65",
    "sales": "215,472,949",
    "first_prize_num": "271",
    "first_prize_amount": "3,701"
  },
  {
    "draw_num": "18110",
    "draw_date": "2018-09-19",
    "front_numbers": [
      6,
      19,
      21,
      27,
      28
    ],
    "back_numbers": [
      3,
      11
    ],
    "prize_pool": "6,499,010,024.89",
    "sales": "199,222,858",
    "first_prize_num": "399",
    "first_prize_amount": "1,789"
  },
  {
    "draw_num": "18109",
    "draw_date": "2018-09-17",
    "front_numbers": [
      10,
      16,
      23,
      25,
      34
    ],
    "back_numbers": [
      2,
      5
    ],
    "prize_pool": "6,515,974,853.57",
    "sales": "193,599,346",
    "first_prize_num": "223",
    "first_prize_amount": "3,498"
  },
  {
    "draw_num": "18108",
    "draw_date": "2018-09-15",
    "front_numbers": [
      9,
      10,
      24,
      31,
      32
    ],
    "back_numbers": [
      7,
      12
    ],
    "prize_pool": "6,512,454,344.16",
    "sales": "214,909,384",
    "first_prize_num": "232",
    "first_prize_amount": "4,230"
  },
  {
    "draw_num": "18107",
    "draw_date": "2018-09-12",
    "front_numbers": [
      7,
      8,
      9,
      10,
      22
    ],
    "back_numbers": [
      3,
      4
    ],
    "prize_pool": "6,469,261,221.79",
    "sales": "207,148,979",
    "first_prize_num": "452",
    "first_prize_amount": "1,844"
  },
  {
    "draw_num": "18106",
    "draw_date": "2018-09-10",
    "front_numbers": [
      4,
      14,
      17,
      24,
      31
    ],
    "back_numbers": [
      1,
      4
    ],
    "prize_pool": "6,472,172,226.51",
    "sales": "204,182,024",
    "first_prize_num": "266",
    "first_prize_amount": "2,952"
  },
  {
    "draw_num": "18105",
    "draw_date": "2018-09-08",
    "front_numbers": [
      1,
      16,
      19,
      20,
      31
    ],
    "back_numbers": [
      2,
      7
    ],
    "prize_pool": "6,452,487,726.44",
    "sales": "219,284,141",
    "first_prize_num": "317",
    "first_prize_amount": "3,176"
  },
  {
    "draw_num": "18104",
    "draw_date": "2018-09-05",
    "front_numbers": [
      1,
      13,
      14,
      26,
      28
    ],
    "back_numbers": [
      7,
      11
    ],
    "prize_pool": "6,430,739,174.62",
    "sales": "203,640,357",
    "first_prize_num": "198",
    "first_prize_amount": "4,330"
  },
  {
    "draw_num": "18103",
    "draw_date": "2018-09-03",
    "front_numbers": [
      14,
      24,
      26,
      28,
      35
    ],
    "back_numbers": [
      2,
      3
    ],
    "prize_pool": "6,391,571,458.42",
    "sales": "202,609,595",
    "first_prize_num": "121",
    "first_prize_amount": "5,767"
  },
  {
    "draw_num": "18102",
    "draw_date": "2018-09-01",
    "front_numbers": [
      6,
      7,
      13,
      22,
      24
    ],
    "back_numbers": [
      10,
      12
    ],
    "prize_pool": "6,342,068,179.76",
    "sales": "224,197,222",
    "first_prize_num": "288",
    "first_prize_amount": "3,073"
  },
  {
    "draw_num": "18101",
    "draw_date": "2018-08-29",
    "front_numbers": [
      3,
      14,
      15,
      23,
      29
    ],
    "back_numbers": [
      4,
      5
    ],
    "prize_pool": "6,308,725,026.92",
    "sales": "198,499,936",
    "first_prize_num": "539",
    "first_prize_amount": "978"
  },
  {
    "draw_num": "18100",
    "draw_date": "2018-08-27",
    "front_numbers": [
      6,
      20,
      21,
      26,
      30
    ],
    "back_numbers": [
      6,
      9
    ],
    "prize_pool": "6,342,598,373.69",
    "sales": "200,023,810",
    "first_prize_num": "476",
    "first_prize_amount": "1,729"
  },
  {
    "draw_num": "18099",
    "draw_date": "2018-08-25",
    "front_numbers": [
      12,
      13,
      16,
      20,
      21
    ],
    "back_numbers": [
      1,
      7
    ],
    "prize_pool": "6,343,983,973.51",
    "sales": "222,690,897",
    "first_prize_num": "176",
    "first_prize_amount": "5,748"
  },
  {
    "draw_num": "18098",
    "draw_date": "2018-08-22",
    "front_numbers": [
      2,
      15,
      18,
      25,
      27
    ],
    "back_numbers": [
      5,
      7
    ],
    "prize_pool": "6,340,719,923.61",
    "sales": "203,730,773",
    "first_prize_num": "180",
    "first_prize_amount": "3,538"
  },
  {
    "draw_num": "18097",
    "draw_date": "2018-08-20",
    "front_numbers": [
      10,
      12,
      14,
      18,
      23
    ],
    "back_numbers": [
      1,
      4
    ],
    "prize_pool": "6,344,726,748.78",
    "sales": "205,831,161",
    "first_prize_num": "232",
    "first_prize_amount": "4,416"
  },
  {
    "draw_num": "18096",
    "draw_date": "2018-08-18",
    "front_numbers": [
      13,
      14,
      20,
      28,
      34
    ],
    "back_numbers": [
      6,
      10
    ],
    "prize_pool": "6,319,451,570.86",
    "sales": "224,999,849",
    "first_prize_num": "321",
    "first_prize_amount": "2,886"
  },
  {
    "draw_num": "18095",
    "draw_date": "2018-08-15",
    "front_numbers": [
      7,
      14,
      18,
      29,
      35
    ],
    "back_numbers": [
      5,
      12
    ],
    "prize_pool": "6,304,083,968.85",
    "sales": "201,899,050",
    "first_prize_num": "774",
    "first_prize_amount": "900"
  },
  {
    "draw_num": "18094",
    "draw_date": "2018-08-13",
    "front_numbers": [
      11,
      16,
      25,
      30,
      34
    ],
    "back_numbers": [
      8,
      10
    ],
    "prize_pool": "6,342,519,469.97",
    "sales": "204,437,453",
    "first_prize_num": "101",
    "first_prize_amount": "8,217"
  },
  {
    "draw_num": "18093",
    "draw_date": "2018-08-11",
    "front_numbers": [
      3,
      11,
      16,
      18,
      33
    ],
    "back_numbers": [
      3,
      11
    ],
    "prize_pool": "6,289,602,123.49",
    "sales": "219,900,805",
    "first_prize_num": "242",
    "first_prize_amount": "3,480"
  },
  {
    "draw_num": "18092",
    "draw_date": "2018-08-08",
    "front_numbers": [
      5,
      7,
      14,
      18,
      19
    ],
    "back_numbers": [
      4,
      10
    ],
    "prize_pool": "6,271,921,898.90",
    "sales": "203,960,013",
    "first_prize_num": "312",
    "first_prize_amount": "2,557"
  },
  {
    "draw_num": "18091",
    "draw_date": "2018-08-06",
    "front_numbers": [
      6,
      22,
      26,
      28,
      31
    ],
    "back_numbers": [
      1,
      7
    ],
    "prize_pool": "6,239,379,715.37",
    "sales": "200,209,093",
    "first_prize_num": "169",
    "first_prize_amount": "5,321"
  },
  {
    "draw_num": "18090",
    "draw_date": "2018-08-04",
    "front_numbers": [
      6,
      20,
      24,
      33,
      34
    ],
    "back_numbers": [
      4,
      11
    ],
    "prize_pool": "6,215,638,458.69",
    "sales": "214,323,707",
    "first_prize_num": "263",
    "first_prize_amount": "2,955"
  },
  {
    "draw_num": "18089",
    "draw_date": "2018-08-01",
    "front_numbers": [
      26,
      27,
      28,
      32,
      34
    ],
    "back_numbers": [
      6,
      10
    ],
    "prize_pool": "6,185,259,533.87",
    "sales": "198,789,849",
    "first_prize_num": "481",
    "first_prize_amount": "1,483"
  },
  {
    "draw_num": "18088",
    "draw_date": "2018-07-30",
    "front_numbers": [
      8,
      9,
      21,
      25,
      33
    ],
    "back_numbers": [
      1,
      8
    ],
    "prize_pool": "6,175,967,288.11",
    "sales": "201,070,776",
    "first_prize_num": "277",
    "first_prize_amount": "3,039"
  },
  {
    "draw_num": "18087",
    "draw_date": "2018-07-28",
    "front_numbers": [
      3,
      14,
      19,
      23,
      25
    ],
    "back_numbers": [
      1,
      4
    ],
    "prize_pool": "6,170,422,461.93",
    "sales": "221,733,708",
    "first_prize_num": "210",
    "first_prize_amount": "4,120"
  },
  {
    "draw_num": "18086",
    "draw_date": "2018-07-25",
    "front_numbers": [
      16,
      22,
      24,
      29,
      31
    ],
    "back_numbers": [
      4,
      5
    ],
    "prize_pool": "6,147,152,397.99",
    "sales": "202,039,886",
    "first_prize_num": "145",
    "first_prize_amount": "4,934"
  },
  {
    "draw_num": "18085",
    "draw_date": "2018-07-23",
    "front_numbers": [
      1,
      2,
      14,
      25,
      31
    ],
    "back_numbers": [
      5,
      7
    ],
    "prize_pool": "6,119,215,421.13",
    "sales": "203,720,742",
    "first_prize_num": "179",
    "first_prize_amount": "4,872"
  },
  {
    "draw_num": "18084",
    "draw_date": "2018-07-21",
    "front_numbers": [
      6,
      11,
      17,
      22,
      35
    ],
    "back_numbers": [
      11,
      12
    ],
    "prize_pool": "6,114,274,675.94",
    "sales": "221,782,319",
    "first_prize_num": "265",
    "first_prize_amount": "3,822"
  },
  {
    "draw_num": "18083",
    "draw_date": "2018-07-18",
    "front_numbers": [
      7,
      12,
      25,
      27,
      28
    ],
    "back_numbers": [
      10,
      11
    ],
    "prize_pool": "6,060,893,274.96",
    "sales": "203,396,776",
    "first_prize_num": "175",
    "first_prize_amount": "4,509"
  }
]