[
  {
    "draw_num": "22094",
    "draw_date": "2022-08-17",
    "front_numbers": [
      3,
      4,
      7,
      12,
      19
    ],
    "back_numbers": [
      2,
      5
    ],
    "prize_pool": "765,240,459.43",
    "sales": "263,091,435",
    "first_prize_num": "11",
    "first_prize_amount": "6,755,759"
  },
  {
    "draw_num": "22093",
    "draw_date": "2022-08-15",
    "front_numbers": [
      7,
      11,
      14,
      21,
      29
    ],
    "back_numbers": [
      7,
      10
    ],
    "prize_pool": "835,132,342.35",
    "sales": "263,859,632",
    "first_prize_num": "15",
    "first_prize_amount": "6,181,280"
  },
  {
    "draw_num": "22092",
    "draw_date": "2022-08-13",
    "front_numbers": [
      1,
      4,
      12,
      23,
      29
    ],
    "back_numbers": [
      5,
      12
    ],
    "prize_pool": "924,505,092.44",
    "sales": "284,162,500",
    "first_prize_num": "3",
    "first_prize_amount": "10,000,000"
  },
  {
    "draw_num": "22091",
    "draw_date": "2022-08-10",
    "front_numbers": [
      2,
      11,
      20,
      22,
      34
    ],
    "back_numbers": [
      4,
      12
    ],
    "prize_pool": "892,175,409.44",
    "sales": "264,872,501",
    "first_prize_num": "8",
    "first_prize_amount": "9,889,786"
  },
  {
    "draw_num": "22090",
    "draw_date": "2022-08-08",
    "front_numbers": [
      1,
      20,
      24,
      25,
      31
    ],
    "back_numbers": [
      9,
      12
    ],
    "prize_pool": "912,078,543.50",
    "sales": "267,762,065",
    "first_prize_num": "3",
    "first_prize_amount": "10,000,000"
  },
  {
    "draw_num": "22089",
    "draw_date": "2022-08-06",
    "front_numbers": [
      1,
      20,
      21,
      31,
      33
    ],
    "back_numbers": [
      3,
      11
    ],
    "prize_pool": "884,490,880.76",
    "sales": "283,719,023",
    "first_prize_num": "0",
    "first_prize_amount": "---"
  },
  {
    "draw_num": "22088",
    "draw_date": "2022-08-03",
    "front_numbers": [
      1,
      8,
      10,
      20,
      35
    ],
    "back_numbers": [
      6,
      11
    ],
    "prize_pool": "812,522,097.17",
    "sales": "265,773,772",
    "first_prize_num": "6",
    "first_prize_amount": "8,871,797"
  },
  {
    "draw_num": "22087",
    "draw_date": "2022-08-01",
    "front_numbers": [
      4,
      6,
      10,
      24,
      28
    ],
    "back_numbers": [
      6,
      12
    ],
    "prize_pool": "840,840,031.65",
    "sales": "274,453,796",
    "first_prize_num": "2",
    "first_prize_amount": "10,000,000"
  },
  {
    "draw_num": "22086",
    "draw_date": "2022-07-30",
    "front_numbers": [
      4,
      10,
      21,
      28,
      31
    ],
    "back_numbers": [
      8,
      11
    ],
    "prize_pool": "794,672,440.52",
    "sales": "297,073,867",
    "first_prize_num": "4",
    "first_prize_amount": "7,547,381"
  },
  {
    "draw_num": "22085",
    "draw_date": "2022-07-27",
    "front_numbers": [
      11,
      16,
      31,
      33,
      35
    ],
    "back_numbers": [
      6,
      8
    ],
    "prize_pool": "779,393,038.82",
    "sales": "272,086,013",
    "first_prize_num": "1",
    "first_prize_amount": "10,000,000"
  },
  {
    "draw_num": "22084",
    "draw_date": "2022-07-25",
    "front_numbers": [
      3,
      11,
      19,
      25,
      27
    ],
    "back_numbers": [
      4,
      12
    ],
    "prize_pool": "725,347,023.25",
    "sales": "273,954,096",
    "first_prize_num": "3",
    "first_prize_amount": "10,000,000"
  },
  {
    "draw_num": "22083",
    "draw_date": "2022-07-23",
    "front_numbers": [
      2,
      9,
      17,
      26,
      32
    ],
    "back_numbers": [
      4,
      6
    ],
    "prize_pool": "694,213,667.56",
    "sales": "294,221,785",
    "first_prize_num": "5",
    "first_prize_amount": "7,308,055"
  },
  {
    "draw_num": "22082",
    "draw_date": "2022-07-20",
    "front_numbers": [
      4,
      26,
      27,
      30,
      33
    ],
    "back_numbers": [
      2,
      9
    ],
    "prize_pool": "683,037,489.26",
    "sales": "273,662,938",
    "first_prize_num": "3",
    "first_prize_amount": "9,128,455"
  },
  {
    "draw_num": "22081",
    "draw_date": "2022-07-18",
    "front_numbers": [
      5,
      10,
      19,
      31,
      32
    ],
    "back_numbers": [
      9,
      10
    ],
    "prize_pool": "656,541,909.58",
    "sales": "275,005,199",
    "first_prize_num": "35",
    "first_prize_amount": "5,870,791"
  },
  {
    "draw_num": "22080",
    "draw_date": "2022-07-16",
    "front_numbers": [
      10,
      17,
      30,
      31,
      34
    ],
    "back_numbers": [
      3,
      6
    ],
    "prize_pool": "854,183,132.28",
    "sales": "297,387,957",
    "first_prize_num": "2",
    "first_prize_amount": "10,000,000"
  },
  {
    "draw_num": "22079",
    "draw_date": "2022-07-13",
    "front_numbers": [
      7,
      10,
      19,
      26,
      32
    ],
    "back_numbers": [
      8,
      12
    ],
    "prize_pool": "814,806,479.61",
    "sales": "274,537,529",
    "first_prize_num": "9",
    "first_prize_amount": "7,686,108"
  },
  {
    "draw_num": "22078",
    "draw_date": "2022-07-11",
    "front_numbers": [
      2,
      3,
      18,
      20,
      27
    ],
    "back_numbers": [
      1,
      2
    ],
    "prize_pool": "857,454,985.83",
    "sales": "277,517,440",
    "first_prize_num": "2",
    "first_prize_amount": "10,000,000"
  },
  {
    "draw_num": "22077",
    "draw_date": "2022-07-09",
    "front_numbers": [
      5,
      10,
      11,
      16,
      19
    ],
    "back_numbers": [
      1,
      10
    ],
    "prize_pool": "822,341,601.26",
    "sales": "303,064,936",
    "first_prize_num": "7",
    "first_prize_amount": "8,488,725"
  },
  {
    "draw_num": "22076",
    "draw_date": "2022-07-06",
    "front_numbers": [
      5,
      17,
      30,
      34,
      35
    ],
    "back_numbers": [
      2,
      9
    ],
    "prize_pool": "853,413,998.84",
    "sales": "279,968,673",
    "first_prize_num": "4",
    "first_prize_amount": "10,000,000"
  },
  {
    "draw_num": "22075",
    "draw_date": "2022-07-04",
    "front_numbers": [
      4,
      12,
      13,
      17,
      18
    ],
    "back_numbers": [
      7,
      9
    ],
    "prize_pool": "831,794,198.12",
    "sales": "280,513,406",
    "first_prize_num": "2",
    "first_prize_amount": "10,000,000"
  },
  {
    "draw_num": "22074",
    "draw_date": "2022-07-02",
    "front_numbers": [
      2,
      6,
      21,
      25,
      28
    ],
    "back_numbers": [
      2,
      6
    ],
    "prize_pool": "812,683,583.45",
    "sales": "305,228,062",
    "first_prize_num": "5",
    "first_prize_amount": "7,510,081"
  },
  {
    "draw_num": "22073",
    "draw_date": "2022-06-29",
    "front_numbers": [
      11,
      18,
      21,
      25,
      32
    ],
    "back_numbers": [
      2,
      4
    ],
    "prize_pool": "795,817,234.53",
    "sales": "287,420,936",
    "first_prize_num": "2",
    "first_prize_amount": "10,000,000"
  },
  {
    "draw_num": "22072",
    "draw_date": "2022-06-27",
    "front_numbers": [
      1,
      12,
      13,
      15,
      30
    ],
    "back_numbers": [
      3,
      7
    ],
    "prize_pool": "754,035,319.29",
    "sales": "285,522,661",
    "first_prize_num": "2",
    "first_prize_amount": "9,788,546"
  },
  {
    "draw_num": "22071",
    "draw_date": "2022-06-25",
    "front_numbers": [
      9,
      15,
      19,
      25,
      29
    ],
    "back_numbers": [
      8,
      9
    ],
    "prize_pool": "722,042,898.53",
    "sales": "306,432,833",
    "first_prize_num": "65",
    "first_prize_amount": "5,305,543"
  },
  {
    "draw_num": "22070",
    "draw_date": "2022-06-22",
    "front_numbers": [
      1,
      7,
      17,
      23,
      35
    ],
    "back_numbers": [
      7,
      11
    ],
    "prize_pool": "1,240,666,270.84",
    "sales": "288,052,831",
    "first_prize_num": "5",
    "first_prize_amount": "10,000,000"
  },
  {
    "draw_num": "22069",
    "draw_date": "2022-06-20",
    "front_numbers": [
      2,
      3,
      23,
      28,
      35
    ],
    "back_numbers": [
      2,
      9
    ],
    "prize_pool": "1,252,345,739.23",
    "sales": "293,067,958",
    "first_prize_num": "2",
    "first_prize_amount": "10,000,000"
  },
  {
    "draw_num": "22068",
    "draw_date": "2022-06-18",
    "front_numbers": [
      3,
      6,
      10,
      15,
      23
    ],
    "back_numbers": [
      3,
      8
    ],
    "prize_pool": "1,230,825,950.08",
    "sales": "322,509,914",
    "first_prize_num": "4",
    "first_prize_amount": "10,000,000"
  },
  {
    "draw_num": "22067",
    "draw_date": "2022-06-15",
    "front_numbers": [
      4,
      14,
      15,
      32,
      33
    ],
    "back_numbers": [
      10,
      11
    ],
    "prize_pool": "1,213,949,798.85",
    "sales": "295,204,928",
    "first_prize_num": "9",
    "first_prize_amount": "8,005,408"
  },
  {
    "draw_num": "22066",
    "draw_date": "2022-06-13",
    "front_numbers": [
      2,
      24,
      25,
      26,
      34
    ],
    "back_numbers": [
      3,
      12
    ],
    "prize_pool": "1,257,070,426.73",
    "sales": "300,292,058",
    "first_prize_num": "2",
    "first_prize_amount": "10,000,000"
  },
  {
    "draw_num": "22065",
    "draw_date": "2022-06-11",
    "front_numbers": [
      5,
      10,
      13,
      22,
      28
    ],
    "back_numbers": [
      1,
      4
    ],
    "prize_pool": "1,205,499,301.06",
    "sales": "322,990,947",
    "first_prize_num": "2",
    "first_prize_amount": "10,000,000"
  },
  {
    "draw_num": "22064",
    "draw_date": "2022-06-08",
    "front_numbers": [
      2,
      19,
      22,
      25,
      35
    ],
    "back_numbers": [
      5,
      7
    ],
    "prize_pool": "1,156,831,124.52",
    "sales": "302,545,998",
    "first_prize_num": "1",
    "first_prize_amount": "10,000,000"
  },
  {
    "draw_num": "22063",
    "draw_date": "2022-06-06",
    "front_numbers": [
      2,
      3,
      22,
      26,
      31
    ],
    "back_numbers": [
      6,
      10
    ],
    "prize_pool": "1,094,156,707.88",
    "sales": "298,558,863",
    "first_prize_num": "2",
    "first_prize_amount": "10,000,000"
  },
  {
    "draw_num": "22062",
    "draw_date": "2022-06-04",
    "front_numbers": [
      5,
      9,
      11,
      12,
      31
    ],
    "back_numbers": [
      7,
      11
    ],
    "prize_pool": "1,055,150,107.74",
    "sales": "317,092,728",
    "first_prize_num": "4",
    "first_prize_amount": "10,000,000"
  },
  {
    "draw_num": "22061",
    "draw_date": "2022-06-01",
    "front_numbers": [
      6,
      9,
      19,
      22,
      30
    ],
    "back_numbers": [
      1,
      6
    ],
    "prize_pool": "1,050,658,907",
    "sales": "291,593,427",
    "first_prize_num": "5",
    "first_prize_amount": "8,933,032"
  },
  {
    "draw_num": "22060",
    "draw_date": "2022-05-30",
    "front_numbers": [
      2,
      6,
      10,
      11,
      20
    ],
    "back_numbers": [
      3,
      9
    ],
    "prize_pool": "1,073,598,422.82",
    "sales": "299,617,214",
    "first_prize_num": "2",
    "first_prize_amount": "10,000,000"
  },
  {
    "draw_num": "22059",
    "draw_date": "2022-05-28",
    "front_numbers": [
      4,
      15,
      18,
      32,
      34
    ],
    "back_numbers": [
      4,
      9
    ],
    "prize_pool": "1,042,057,372.73",
    "sales": "360,168,383",
    "first_prize_num": "5",
    "first_prize_amount": "10,000,000"
  },
  {
    "draw_num": "22058",
    "draw_date": "2022-05-25",
    "front_numbers": [
      3,
      4,
      24,
      26,
      35
    ],
    "back_numbers": [
      7,
      8
    ],
    "prize_pool": "1,014,062,807.45",
    "sales": "315,162,700",
    "first_prize_num": "8",
    "first_prize_amount": "8,838,497"
  },
  {
    "draw_num": "22057",
    "draw_date": "2022-05-23",
    "front_numbers": [
      6,
      12,
      18,
      21,
      35
    ],
    "back_numbers": [
      7,
      10
    ],
    "prize_pool": "1,050,548,455.41",
    "sales": "321,743,486",
    "first_prize_num": "6",
    "first_prize_amount": "10,000,000"
  },
  {
    "draw_num": "22056",
    "draw_date": "2022-05-21",
    "front_numbers": [
      2,
      11,
      15,
      17,
      31
    ],
    "back_numbers": [
      7,
      9
    ],
    "prize_pool": "1,056,706,742.26",
    "sales": "357,963,502",
    "first_prize_num": "0",
    "first_prize_amount": "---"
  },
  {
    "draw_num": "22055",
    "draw_date": "2022-05-18",
    "front_numbers": [
      1,
      2,
      12,
      15,
      23
    ],
    "back_numbers": [
      4,
      6
    ],
    "prize_pool": "971,105,598.60",
    "sales": "327,354,148",
    "first_prize_num": "6",
    "first_prize_amount": "10,000,000"
  },
  {
    "draw_num": "22054",
    "draw_date": "2022-05-16",
    "front_numbers": [
      5,
      16,
      21,
      23,
      34
    ],
    "back_numbers": [
      7,
      10
    ],
    "prize_pool": "958,213,629.63",
    "sales": "319,626,218",
    "first_prize_num": "19",
    "first_prize_amount": "6,015,218"
  },
  {
    "draw_num": "22053",
    "draw_date": "2022-05-14",
    "front_numbers": [
      9,
      17,
      19,
      20,
      25
    ],
    "back_numbers": [
      1,
      9
    ],
    "prize_pool": "1,081,408,712.72",
    "sales": "344,052,818",
    "first_prize_num": "18",
    "first_prize_amount": "6,331,450"
  },
  {
    "draw_num": "22052",
    "draw_date": "2022-05-11",
    "front_numbers": [
      1,
      13,
      18,
      29,
      35
    ],
    "back_numbers": [
      4,
      9
    ],
    "prize_pool": "1,198,829,807.29",
    "sales": "310,675,547",
    "first_prize_num": "7",
    "first_prize_amount": "9,183,568"
  },
  {
    "draw_num": "22051",
    "draw_date": "2022-05-09",
    "front_numbers": [
      1,
      16,
      17,
      19,
      33
    ],
    "back_numbers": [
      5,
      6
    ],
    "prize_pool": "1,225,933,266.64",
    "sales": "304,581,312",
    "first_prize_num": "8",
    "first_prize_amount": "8,087,457"
  },
  {
    "draw_num": "22050",
    "draw_date": "2022-05-07",
    "front_numbers": [
      2,
      10,
      21,
      24,
      30
    ],
    "back_numbers": [
      8,
      10
    ],
    "prize_pool": "1,265,185,550.03",
    "sales": "348,959,440",
    "first_prize_num": "4",
    "first_prize_amount": "10,000,000"
  },
  {
    "draw_num": "22049",
    "draw_date": "2022-05-04",
    "front_numbers": [
      6,
      10,
      20,
      28,
      35
    ],
    "back_numbers": [
      1,
      10
    ],
    "prize_pool": "1,238,138,013.76",
    "sales": "301,545,430",
    "first_prize_num": "5",
    "first_prize_amount": "10,000,000"
  },
  {
    "draw_num": "22048",
    "draw_date": "2022-05-02",
    "front_numbers": [
      16,
      22,
      28,
      29,
      32
    ],
    "back_numbers": [
      8,
      9
    ],
    "prize_pool": "1,221,336,676.21",
    "sales": "291,309,246",
    "first_prize_num": "1",
    "first_prize_amount": "10,000,000"
  },
  {
    "draw_num": "22047",
    "draw_date": "2022-04-30",
    "front_numbers": [
      7,
      10,
      11,
      12,
      33
    ],
    "back_numbers": [
      3,
      11
    ],
    "prize_pool": "1,179,450,986.29",
    "sales": "333,697,226",
    "first_prize_num": "4",
    "first_prize_amount": "10,000,000"
  },
  {
    "draw_num": "22046",
    "draw_date": "2022-04-27",
    "front_numbers": [
      6,
      7,
      12,
      22,
      27
    ],
    "back_numbers": [
      3,
      5
    ],
    "prize_pool": "1,151,734,276.01",
    "sales": "319,329,723",
    "first_prize_num": "7",
    "first_prize_amount": "8,932,034"
  },
  {
    "draw_num": "22045",
    "draw_date": "2022-04-25",
    "front_numbers": [
      2,
      3,
      7,
      12,
      20
    ],
    "back_numbers": [
      1,
      5
    ],
    "prize_pool": "1,184,751,389.21",
    "sales": "322,807,049",
    "first_prize_num": "1",
    "first_prize_amount": "10,000,000"
  },
  {
    "draw_num": "22044",
    "draw_date": "2022-04-23",
    "front_numbers": [
      1,
      2,
      16,
      17,
      20
    ],
    "back_numbers": [
      3,
      7
    ],
    "prize_pool": "1,132,266,362.38",
    "sales": "351,891,169",
    "first_prize_num": "4",
    "first_prize_amount": "10,000,000"
  },
  {
    "draw_num": "22043",
    "draw_date": "2022-04-20",
    "front_numbers": [
      2,
      16,
      17,
      24,
      30
    ],
    "back_numbers": [
      9,
      12
    ],
    "prize_pool": "1,106,933,108.19",
    "sales": "322,417,914",
    "first_prize_num": "14",
    "first_prize_amount": "7,059,578"
  },
  {
    "draw_num": "22042",
    "draw_date": "2022-04-18",
    "front_numbers": [
      8,
      10,
      11,
      29,
      32
    ],
    "back_numbers": [
      2,
      6
    ],
    "prize_pool": "1,179,249,861.19",
    "sales": "323,544,249",
    "first_prize_num": "5",
    "first_prize_amount": "10,000,000"
  },
  {
    "draw_num": "22041",
    "draw_date": "2022-04-16",
    "front_numbers": [
      5,
      15,
      25,
      26,
      33
    ],
    "back_numbers": [
      6,
      11
    ],
    "prize_pool": "1,182,772,175.92",
    "sales": "353,526,676",
    "first_prize_num": "5",
    "first_prize_amount": "10,000,000"
  },
  {
    "draw_num": "22040",
    "draw_date": "2022-04-13",
    "front_numbers": [
      10,
      19,
      25,
      29,
      33
    ],
    "back_numbers": [
      8,
      12
    ],
    "prize_pool": "1,179,022,270.45",
    "sales": "326,654,540",
    "first_prize_num": "10",
    "first_prize_amount": "7,441,714"
  },
  {
    "draw_num": "22039",
    "draw_date": "2022-04-11",
    "front_numbers": [
      1,
      8,
      11,
      22,
      31
    ],
    "back_numbers": [
      5,
      11
    ],
    "prize_pool": "1,238,597,563.36",
    "sales": "256,237,338",
    "first_prize_num": "3",
    "first_prize_amount": "10,000,000"
  },
  {
    "draw_num": "22038",
    "draw_date": "2022-04-09",
    "front_numbers": [
      7,
      9,
      11,
      12,
      26
    ],
    "back_numbers": [
      9,
      12
    ],
    "prize_pool": "1,218,640,918.48",
    "sales": "277,396,313",
    "first_prize_num": "17",
    "first_prize_amount": "6,234,524"
  },
  {
    "draw_num": "22037",
    "draw_date": "2022-04-06",
    "front_numbers": [
      1,
      9,
      17,
      20,
      28
    ],
    "back_numbers": [
      6,
      10
    ],
    "prize_pool": "1,326,357,581.54",
    "sales": "255,392,443",
    "first_prize_num": "1",
    "first_prize_amount": "10,000,000"
  },
  {
    "draw_num": "22036",
    "draw_date": "2022-04-04",
    "front_numbers": [
      18,
      19,
      21,
      26,
      34
    ],
    "back_numbers": [
      6,
      7
    ],
    "prize_pool": "1,288,426,891.93",
    "sales": "248,062,195",
    "first_prize_num": "2",
    "first_prize_amount": "10,000,000"
  },
  {
    "draw_num": "22035",
    "draw_date": "2022-04-02",
    "front_numbers": [
      9,
      11,
      13,
      23,
      31
    ],
    "back_numbers": [
      5,
      8
    ],
    "prize_pool": "1,262,351,648.20",
    "sales": "278,506,614",
    "first_prize_num": "3",
    "first_prize_amount": "10,000,000"
  },
  {
    "draw_num": "22034",
    "draw_date": "2022-03-30",
    "front_numbers": [
      2,
      10,
      24,
      27,
      28
    ],
    "back_numbers": [
      6,
      7
    ],
    "prize_pool": "1,248,571,195.23",
    "sales": "276,331,348",
    "first_prize_num": "6",
    "first_prize_amount": "10,000,000"
  },
  {
    "draw_num": "22033",
    "draw_date": "2022-03-28",
    "front_numbers": [
      8,
      15,
      16,
      19,
      33
    ],
    "back_numbers": [
      3,
      4
    ],
    "prize_pool": "1,255,163,229.82",
    "sales": "271,656,444",
    "first_prize_num": "5",
    "first_prize_amount": "9,798,152"
  },
  {
    "draw_num": "22032",
    "draw_date": "2022-03-26",
    "front_numbers": [
      5,
      9,
      18,
      31,
      32
    ],
    "back_numbers": [
      1,
      5
    ],
    "prize_pool": "1,270,429,256.90",
    "sales": "293,074,610",
    "first_prize_num": "0",
    "first_prize_amount": "---"
  },
  {
    "draw_num": "22031",
    "draw_date": "2022-03-23",
    "front_numbers": [
      7,
      14,
      16,
      20,
      28
    ],
    "back_numbers": [
      4,
      8
    ],
    "prize_pool": "1,208,966,802.16",
    "sales": "275,183,386",
    "first_prize_num": "3",
    "first_prize_amount": "10,000,000"
  },
  {
    "draw_num": "22030",
    "draw_date": "2022-03-21",
    "front_numbers": [
      12,
      14,
      15,
      21,
      30
    ],
    "back_numbers": [
      1,
      9
    ],
    "prize_pool": "1,205,677,592.73",
    "sales": "264,133,524",
    "first_prize_num": "3",
    "first_prize_amount": "10,000,000"
  },
  {
    "draw_num": "22029",
    "draw_date": "2022-03-19",
    "front_numbers": [
      7,
      8,
      10,
      14,
      17
    ],
    "back_numbers": [
      10,
      12
    ],
    "prize_pool": "1,179,206,273.86",
    "sales": "287,037,282",
    "first_prize_num": "3",
    "first_prize_amount": "10,000,000"
  },
  {
    "draw_num": "22028",
    "draw_date": "2022-03-16",
    "front_numbers": [
      4,
      9,
      16,
      17,
      35
    ],
    "back_numbers": [
      1,
      7
    ],
    "prize_pool": "1,160,852,484.28",
    "sales": "271,216,347",
    "first_prize_num": "5",
    "first_prize_amount": "10,000,000"
  },
  {
    "draw_num": "22027",
    "draw_date": "2022-03-14",
    "front_numbers": [
      3,
      6,
      11,
      31,
      32
    ],
    "back_numbers": [
      5,
      12
    ],
    "prize_pool": "1,172,229,996.66",
    "sales": "272,660,463",
    "first_prize_num": "7",
    "first_prize_amount": "9,789,035"
  },
  {
    "draw_num": "22026",
    "draw_date": "2022-03-12",
    "front_numbers": [
      11,
      14,
      22,
      23,
      27
    ],
    "back_numbers": [
      8,
      10
    ],
    "prize_pool": "1,190,311,490.14",
    "sales": "302,400,234",
    "first_prize_num": "4",
    "first_prize_amount": "10,000,000"
  },
  {
    "draw_num": "22025",
    "draw_date": "2022-03-09",
    "front_numbers": [
      4,
      7,
      22,
      24,
      29
    ],
    "back_numbers": [
      1,
      7
    ],
    "prize_pool": "1,186,204,971.21",
    "sales": "287,810,009",
    "first_prize_num": "2",
    "first_prize_amount": "10,000,000"
  },
  {
    "draw_num": "22024",
    "draw_date": "2022-03-07",
    "front_numbers": [
      1,
      2,
      11,
      30,
      35
    ],
    "back_numbers": [
      1,
      12
    ],
    "prize_pool": "1,140,166,345.77",
    "sales": "282,564,402",
    "first_prize_num": "1",
    "first_prize_amount": "10,000,000"
  },
  {
    "draw_num": "22023",
    "draw_date": "2022-03-05",
    "front_numbers": [
      4,
      5,
      18,
      20,
      25
    ],
    "back_numbers": [
      11,
      12
    ],
    "prize_pool": "1,092,622,292.93",
    "sales": "308,200,898",
    "first_prize_num": "9",
    "first_prize_amount": "8,399,145"
  },
  {
    "draw_num": "22022",
    "draw_date": "2022-03-02",
    "front_numbers": [
      1,
      5,
      14,
      17,
      28
    ],
    "back_numbers": [
      6,
      7
    ],
    "prize_pool": "1,125,444,965.12",
    "sales": "290,445,482",
    "first_prize_num": "4",
    "first_prize_amount": "10,000,000"
  },
  {
    "draw_num": "22021",
    "draw_date": "2022-02-28",
    "front_numbers": [
      11,
      15,
      16,
      18,
      35
    ],
    "back_numbers": [
      6,
      9
    ],
    "prize_pool": "1,125,876,145.70",
    "sales": "281,794,671",
    "first_prize_num": "4",
    "first_prize_amount": "10,000,000"
  },
  {
    "draw_num": "22020",
    "draw_date": "2022-02-26",
    "front_numbers": [
      16,
      17,
      30,
      31,
      35
    ],
    "back_numbers": [
      8,
      9
    ],
    "prize_pool": "1,103,146,928.14",
    "sales": "302,088,019",
    "first_prize_num": "3",
    "first_prize_amount": "10,000,000"
  },
  {
    "draw_num": "22019",
    "draw_date": "2022-02-23",
    "front_numbers": [
      1,
      4,
      7,
      17,
      21
    ],
    "back_numbers": [
      1,
      2
    ],
    "prize_pool": "1,075,854,770.58",
    "sales": "287,443,310",
    "first_prize_num": "8",
    "first_prize_amount": "9,950,822"
  },
  {
    "draw_num": "22018",
    "draw_date": "2022-02-21",
    "front_numbers": [
      16,
      21,
      29,
      31,
      34
    ],
    "back_numbers": [
      6,
      9
    ],
    "prize_pool": "1,095,457,117.05",
    "sales": "272,144,024",
    "first_prize_num": "8",
    "first_prize_amount": "7,631,726"
  },
  {
    "draw_num": "22017",
    "draw_date": "2022-02-19",
    "front_numbers": [
      10,
      14,
      18,
      23,
      25
    ],
    "back_numbers": [
      7,
      11
    ],
    "prize_pool": "1,134,950,927.56",
    "sales": "295,313,318",
    "first_prize_num": "5",
    "first_prize_amount": "10,000,000"
  },
  {
    "draw_num": "22016",
    "draw_date": "2022-02-16",
    "front_numbers": [
      1,
      7,
      17,
      26,
      32
    ],
    "back_numbers": [
      1,
      9
    ],
    "prize_pool": "1,140,211,944.72",
    "sales": "285,216,427",
    "first_prize_num": "2",
    "first_prize_amount": "10,000,000"
  },
  {
    "draw_num": "22015",
    "draw_date": "2022-02-14",
    "front_numbers": [
      1,
      2,
      8,
      12,
      30
    ],
    "back_numbers": [
      5,
      12
    ],
    "prize_pool": "1,101,484,790.02",
    "sales": "274,855,255",
    "first_prize_num": "14",
    "first_prize_amount": "6,507,822"
  },
  {
    "draw_num": "22014",
    "draw_date": "2022-02-12",
    "front_numbers": [
      1,
      4,
      10,
      18,
      32
    ],
    "back_numbers": [
      1,
      9
    ],
    "prize_pool": "1,196,232,916.83",
    "sales": "297,471,147",
    "first_prize_num": "3",
    "first_prize_amount": "10,000,000"
  },
  {
    "draw_num": "22013",
    "draw_date": "2022-02-09",
    "front_numbers": [
      4,
      9,
      16,
      25,
      32
    ],
    "back_numbers": [
      5,
      6
    ],
    "prize_pool": "1,165,497,778.65",
    "sales": "328,606,125",
    "first_prize_num": "11",
    "first_prize_amount": "7,485,048"
  },
  {
    "draw_num": "22012",
    "draw_date": "2022-01-26",
    "front_numbers": [
      3,
      5,
      10,
      33,
      34
    ],
    "back_numbers": [
      7,
      10
    ],
    "prize_pool": "1,225,396,764.70",
    "sales": "327,170,573",
    "first_prize_num": "6",
    "first_prize_amount": "10,000,000"
  },
  {
    "draw_num": "22011",
    "draw_date": "2022-01-24",
    "front_numbers": [
      3,
      5,
      17,
      24,
      32
    ],
    "back_numbers": [
      5,
      12
    ],
    "prize_pool": "1,215,311,646.60",
    "sales": "288,813,273",
    "first_prize_num": "5",
    "first_prize_amount": "10,000,000"
  },
  {
    "draw_num": "22010",
    "draw_date": "2022-01-22",
    "front_numbers": [
      4,
      19,
      25,
      31,
      35
    ],
    "back_numbers": [
      2,
      11
    ],
    "prize_pool": "1,227,756,664.06",
    "sales": "305,997,751",
    "first_prize_num": "2",
    "first_prize_amount": "10,000,000"
  },
  {
    "draw_num": "22009",
    "draw_date": "2022-01-19",
    "front_numbers": [
      13,
      14,
      18,
      31,
      33
    ],
    "back_numbers": [
      7,
      10
    ],
    "prize_pool": "1,189,540,601.43",
    "sales": "295,315,583",
    "first_prize_num": "6",
    "first_prize_amount": "9,417,131"
  },
  {
    "draw_num": "22008",
    "draw_date": "2022-01-17",
    "front_numbers": [
      1,
      2,
      13,
      18,
      34
    ],
    "back_numbers": [
      6,
      7
    ],
    "prize_pool": "1,212,783,541.04",
    "sales": "288,005,510",
    "first_prize_num": "1",
    "first_prize_amount": "10,000,000"
  },
  {
    "draw_num": "22007",
    "draw_date": "2022-01-15",
    "front_numbers": [
      5,
      22,
      23,
      25,
      35
    ],
    "back_numbers": [
      3,
      11
    ],
    "prize_pool": "1,166,246,610.02",
    "sales": "314,958,868",
    "first_prize_num": "3",
    "first_prize_amount": "10,000,000"
  },
  {
    "draw_num": "22006",
    "draw_date": "2022-01-12",
    "front_numbers": [
      1,
      5,
      7,
      17,
      20
    ],
    "back_numbers": [
      5,
      12
    ],
    "prize_pool": "1,126,455,275.17",
    "sales": "292,369,845",
    "first_prize_num": "2",
    "first_prize_amount": "10,000,000"
  },
  {
    "draw_num": "22005",
    "draw_date": "2022-01-10",
    "front_numbers": [
      2,
      13,
      17,
      19,
      34
    ],
    "back_numbers": [
      5,
      9
    ],
    "prize_pool": "1,082,745,176.21",
    "sales": "290,292,047",
    "first_prize_num": "16",
    "first_prize_amount": "6,275,185"
  },
  {
    "draw_num": "22004",
    "draw_date": "2022-01-08",
    "front_numbers": [
      7,
      20,
      27,
      30,
      33
    ],
    "back_numbers": [
      3,
      4
    ],
    "prize_pool": "1,161,605,667.16",
    "sales": "318,985,651",
    "first_prize_num": "2",
    "first_prize_amount": "10,000,000"
  },
  {
    "draw_num": "22003",
    "draw_date": "2022-01-05",
    "front_numbers": [
      2,
      18,
      24,
      25,
      34
    ],
    "back_numbers": [
      8,
      12
    ],
    "prize_pool": "1,117,630,715.55",
    "sales": "293,411,992",
    "first_prize_num": "5",
    "first_prize_amount": "10,000,000"
  },
  {
    "draw_num": "22002",
    "draw_date": "2022-01-03",
    "front_numbers": [
      4,
      6,
      7,
      9,
      24
    ],
    "back_numbers": [
      4,
      12
    ],
    "prize_pool": "1,108,263,190.91",
    "sales": "293,300,380",
    "first_prize_num": "5",
    "first_prize_amount": "9,208,823"
  },
  {
    "draw_num": "22001",
    "draw_date": "2022-01-01",
    "front_numbers": [
      8,
      11,
      19,
      22,
      29
    ],
    "back_numbers": [
      3,
      11
    ],
    "prize_pool": "1,129,936,273.17",
    "sales": "323,959,870",
    "first_prize_num": "11",
    "first_prize_amount": "7,127,420"
  },
  {
    "draw_num": "21150",
    "draw_date": "2021-12-29",
    "front_numbers": [
      4,
      10,
      11,
      23,
      26
    ],
    "back_numbers": [
      7,
      10
    ],
    "prize_pool": "1,187,065,937.81",
    "sales": "297,315,273",
    "first_prize_num": "5",
    "first_prize_amount": "10,000,000"
  },
  {
    "draw_num": "21149",
    "draw_date": "2021-12-27",
    "front_numbers": [
      20,
      26,
      28,
      30,
      35
    ],
    "back_numbers": [
      10,
      11
    ],
    "prize_pool": "1,187,821,356.57",
    "sales": "288,342,246",
    "first_prize_num": "1",
    "first_prize_amount": "10,000,000"
  },
  {
    "draw_num": "21148",
    "draw_date": "2021-12-25",
    "front_numbers": [
      1,
      4,
      12,
      16,
      29
    ],
    "back_numbers": [
      4,
      8
    ],
    "prize_pool": "1,140,109,035.45",
    "sales": "309,690,271",
    "first_prize_num": "6",
    "first_prize_amount": "10,000,000"
  },
  {
    "draw_num": "21147",
    "draw_date": "2021-12-22",
    "front_numbers": [
      1,
      2,
      8,
      12,
      26
    ],
    "back_numbers": [
      1,
      7
    ],
    "prize_pool": "1,156,628,877.47",
    "sales": "294,787,629",
    "first_prize_num": "4",
    "first_prize_amount": "10,000,000"
  },
  {
    "draw_num": "21146",
    "draw_date": "2021-12-20",
    "front_numbers": [
      3,
      5,
      8,
      18,
      20
    ],
    "back_numbers": [
      9,
      11
    ],
    "prize_pool": "1,139,389,366.87",
    "sales": "293,542,849",
    "first_prize_num": "7",
    "first_prize_amount": "9,538,231"
  },
  {
    "draw_num": "21145",
    "draw_date": "2021-12-18",
    "front_numbers": [
      3,
      8,
      25,
      29,
      30
    ],
    "back_numbers": [
      1,
      6
    ],
    "prize_pool": "1,160,533,245.59",
    "sales": "320,066,364",
    "first_prize_num": "5",
    "first_prize_amount": "10,000,000"
  }
]