[
  {
    "draw_num": "21044",
    "draw_date": "2021-04-21",
    "front_numbers": [
      6,
      18,
      31,
      33,
      35
    ],
    "back_numbers": [
      10,
      11
    ],
    "prize_pool": "748,920,582.87",
    "sales": "363,597,797",
    "first_prize_num": "11",
    "first_prize_amount": "6,089,993"
  },
  {
    "draw_num": "21043",
    "draw_date": "2021-04-19",
    "front_numbers": [
      7,
      12,
      17,
      19,
      34
    ],
    "back_numbers": [
      1,
      10
    ],
    "prize_pool": "782,390,745.06",
    "sales": "360,667,332",
    "first_prize_num": "14",
    "first_prize_amount": "6,968,132"
  },
  {
    "draw_num": "21042",
    "draw_date": "2021-04-17",
    "front_numbers": [
      9,
      15,
      20,
      23,
      29
    ],
    "back_numbers": [
      4,
      5
    ],
    "prize_pool": "871,261,627.71",
    "sales": "393,684,367",
    "first_prize_num": "4",
    "first_prize_amount": "10,000,000"
  },
  {
    "draw_num": "21041",
    "draw_date": "2021-04-14",
    "front_numbers": [
      2,
      5,
      9,
      11,
      32
    ],
    "back_numbers": [
      4,
      9
    ],
    "prize_pool": "825,740,751.04",
    "sales": "359,992,265",
    "first_prize_num": "9",
    "first_prize_amount": "7,739,792"
  },
  {
    "draw_num": "21040",
    "draw_date": "2021-04-12",
    "front_numbers": [
      2,
      3,
      9,
      16,
      19
    ],
    "back_numbers": [
      3,
      7
    ],
    "prize_pool": "870,795,060.28",
    "sales": "359,580,080",
    "first_prize_num": "8",
    "first_prize_amount": "8,547,328"
  },
  {
    "draw_num": "21039",
    "draw_date": "2021-04-10",
    "front_numbers": [
      4,
      12,
      14,
      21,
      35
    ],
    "back_numbers": [
      2,
      11
    ],
    "prize_pool": "909,367,812.50",
    "sales": "392,788,008",
    "first_prize_num": "7",
    "first_prize_amount": "10,000,000"
  },
  {
    "draw_num": "21038",
    "draw_date": "2021-04-07",
    "front_numbers": [
      9,
      11,
      20,
      29,
      32
    ],
    "back_numbers": [
      1,
      7
    ],
    "prize_pool": "915,135,531.74",
    "sales": "279,043,760",
    "first_prize_num": "17",
    "first_prize_amount": "6,113,204"
  },
  {
    "draw_num": "21037",
    "draw_date": "2021-04-05",
    "front_numbers": [
      10,
      21,
      27,
      29,
      33
    ],
    "back_numbers": [
      4,
      12
    ],
    "prize_pool": "1,031,553,232.47",
    "sales": "265,069,172",
    "first_prize_num": "8",
    "first_prize_amount": "8,094,047"
  },
  {
    "draw_num": "21036",
    "draw_date": "2021-04-03",
    "front_numbers": [
      8,
      17,
      25,
      28,
      33
    ],
    "back_numbers": [
      7,
      11
    ],
    "prize_pool": "1,070,761,233.47",
    "sales": "293,009,078",
    "first_prize_num": "6",
    "first_prize_amount": "9,886,405"
  },
  {
    "draw_num": "21035",
    "draw_date": "2021-03-31",
    "front_numbers": [
      5,
      11,
      16,
      30,
      32
    ],
    "back_numbers": [
      3,
      4
    ],
    "prize_pool": "1,087,964,691.77",
    "sales": "282,083,604",
    "first_prize_num": "6",
    "first_prize_amount": "10,000,000"
  },
  {
    "draw_num": "21034",
    "draw_date": "2021-03-29",
    "front_numbers": [
      8,
      10,
      14,
      25,
      34
    ],
    "back_numbers": [
      7,
      8
    ],
    "prize_pool": "1,088,179,028.72",
    "sales": "287,989,728",
    "first_prize_num": "0",
    "first_prize_amount": "---"
  },
  {
    "draw_num": "21033",
    "draw_date": "2021-03-27",
    "front_numbers": [
      1,
      3,
      5,
      30,
      32
    ],
    "back_numbers": [
      1,
      5
    ],
    "prize_pool": "1,022,165,135.28",
    "sales": "315,951,286",
    "first_prize_num": "5",
    "first_prize_amount": "10,000,000"
  },
  {
    "draw_num": "21032",
    "draw_date": "2021-03-24",
    "front_numbers": [
      1,
      11,
      14,
      34,
      35
    ],
    "back_numbers": [
      7,
      10
    ],
    "prize_pool": "1,024,512,096.77",
    "sales": "294,833,370",
    "first_prize_num": "3",
    "first_prize_amount": "10,000,000"
  },
  {
    "draw_num": "21031",
    "draw_date": "2021-03-22",
    "front_numbers": [
      1,
      4,
      19,
      20,
      34
    ],
    "back_numbers": [
      3,
      5
    ],
    "prize_pool": "1,003,234,237.06",
    "sales": "291,035,602",
    "first_prize_num": "27",
    "first_prize_amount": "5,391,526"
  },
  {
    "draw_num": "21030",
    "draw_date": "2021-03-20",
    "front_numbers": [
      18,
      23,
      25,
      26,
      32
    ],
    "back_numbers": [
      2,
      7
    ],
    "prize_pool": "1,159,086,523.07",
    "sales": "310,047,645",
    "first_prize_num": "6",
    "first_prize_amount": "9,376,324"
  },
  {
    "draw_num": "21029",
    "draw_date": "2021-03-17",
    "front_numbers": [
      2,
      6,
      10,
      32,
      33
    ],
    "back_numbers": [
      4,
      7
    ],
    "prize_pool": "1,184,579,106.98",
    "sales": "291,997,028",
    "first_prize_num": "3",
    "first_prize_amount": "10,000,000"
  },
  {
    "draw_num": "21028",
    "draw_date": "2021-03-15",
    "front_numbers": [
      2,
      3,
      5,
      17,
      29
    ],
    "back_numbers": [
      4,
      10
    ],
    "prize_pool": "1,148,168,180.28",
    "sales": "290,397,846",
    "first_prize_num": "5",
    "first_prize_amount": "10,000,000"
  },
  {
    "draw_num": "21027",
    "draw_date": "2021-03-13",
    "front_numbers": [
      9,
      21,
      22,
      26,
      30
    ],
    "back_numbers": [
      4,
      12
    ],
    "prize_pool": "1,137,674,691.74",
    "sales": "300,185,659",
    "first_prize_num": "10",
    "first_prize_amount": "7,998,232"
  },
  {
    "draw_num": "21026",
    "draw_date": "2021-03-10",
    "front_numbers": [
      7,
      11,
      20,
      24,
      27
    ],
    "back_numbers": [
      1,
      11
    ],
    "prize_pool": "1,173,541,384.13",
    "sales": "276,425,219",
    "first_prize_num": "2",
    "first_prize_amount": "10,000,000"
  },
  {
    "draw_num": "21025",
    "draw_date": "2021-03-08",
    "front_numbers": [
      17,
      18,
      23,
      30,
      31
    ],
    "back_numbers": [
      10,
      12
    ],
    "prize_pool": "1,148,953,396.23",
    "sales": "276,142,896",
    "first_prize_num": "1",
    "first_prize_amount": "10,000,000"
  },
  {
    "draw_num": "21024",
    "draw_date": "2021-03-06",
    "front_numbers": [
      11,
      14,
      21,
      24,
      31
    ],
    "back_numbers": [
      2,
      10
    ],
    "prize_pool": "1,099,396,871.58",
    "sales": "290,054,173",
    "first_prize_num": "3",
    "first_prize_amount": "10,000,000"
  },
  {
    "draw_num": "21023",
    "draw_date": "2021-03-03",
    "front_numbers": [
      7,
      9,
      13,
      16,
      32
    ],
    "back_numbers": [
      2,
      9
    ],
    "prize_pool": "1,090,709,659.76",
    "sales": "269,669,045",
    "first_prize_num": "2",
    "first_prize_amount": "10,000,000"
  },
  {
    "draw_num": "21022",
    "draw_date": "2021-03-01",
    "front_numbers": [
      2,
      12,
      22,
      30,
      33
    ],
    "back_numbers": [
      2,
      4
    ],
    "prize_pool": "1,060,440,510.86",
    "sales": "267,988,268",
    "first_prize_num": "2",
    "first_prize_amount": "10,000,000"
  },
  {
    "draw_num": "21021",
    "draw_date": "2021-02-27",
    "front_numbers": [
      16,
      18,
      29,
      33,
      35
    ],
    "back_numbers": [
      9,
      12
    ],
    "prize_pool": "1,011,996,707.13",
    "sales": "292,083,963",
    "first_prize_num": "3",
    "first_prize_amount": "10,000,000"
  },
  {
    "draw_num": "21020",
    "draw_date": "2021-02-24",
    "front_numbers": [
      7,
      21,
      22,
      30,
      33
    ],
    "back_numbers": [
      4,
      6
    ],
    "prize_pool": "986,653,276.17",
    "sales": "266,285,933",
    "first_prize_num": "4",
    "first_prize_amount": "10,000,000"
  },
  {
    "draw_num": "21019",
    "draw_date": "2021-02-22",
    "front_numbers": [
      1,
      12,
      13,
      28,
      29
    ],
    "back_numbers": [
      3,
      4
    ],
    "prize_pool": "989,638,019.58",
    "sales": "268,699,087",
    "first_prize_num": "1",
    "first_prize_amount": "10,000,000"
  },
  {
    "draw_num": "21018",
    "draw_date": "2021-02-20",
    "front_numbers": [
      2,
      20,
      23,
      26,
      34
    ],
    "back_numbers": [
      5,
      10
    ],
    "prize_pool": "946,984,257.93",
    "sales": "289,120,482",
    "first_prize_num": "6",
    "first_prize_amount": "10,000,000"
  },
  {
    "draw_num": "21017",
    "draw_date": "2021-02-08",
    "front_numbers": [
      17,
      21,
      26,
      29,
      32
    ],
    "back_numbers": [
      2,
      7
    ],
    "prize_pool": "961,686,810.21",
    "sales": "335,358,205",
    "first_prize_num": "5",
    "first_prize_amount": "10,000,000"
  },
  {
    "draw_num": "21016",
    "draw_date": "2021-02-06",
    "front_numbers": [
      8,
      9,
      10,
      19,
      34
    ],
    "back_numbers": [
      1,
      2
    ],
    "prize_pool": "937,156,413.66",
    "sales": "311,054,206",
    "first_prize_num": "6",
    "first_prize_amount": "10,000,000"
  },
  {
    "draw_num": "21015",
    "draw_date": "2021-02-03",
    "front_numbers": [
      4,
      8,
      17,
      19,
      25
    ],
    "back_numbers": [
      1,
      7
    ],
    "prize_pool": "945,589,061.13",
    "sales": "272,319,625",
    "first_prize_num": "10",
    "first_prize_amount": "6,963,705"
  },
  {
    "draw_num": "21014",
    "draw_date": "2021-02-01",
    "front_numbers": [
      7,
      13,
      20,
      27,
      29
    ],
    "back_numbers": [
      4,
      9
    ],
    "prize_pool": "997,073,349.78",
    "sales": "268,530,082",
    "first_prize_num": "3",
    "first_prize_amount": "10,000,000"
  },
  {
    "draw_num": "21013",
    "draw_date": "2021-01-30",
    "front_numbers": [
      21,
      27,
      28,
      30,
      34
    ],
    "back_numbers": [
      8,
      11
    ],
    "prize_pool": "975,405,451.54",
    "sales": "293,461,597",
    "first_prize_num": "4",
    "first_prize_amount": "10,000,000"
  },
  {
    "draw_num": "21012",
    "draw_date": "2021-01-27",
    "front_numbers": [
      6,
      12,
      20,
      23,
      33
    ],
    "back_numbers": [
      1,
      9
    ],
    "prize_pool": "942,151,519.47",
    "sales": "267,411,208",
    "first_prize_num": "1",
    "first_prize_amount": "10,000,000"
  },
  {
    "draw_num": "21011",
    "draw_date": "2021-01-25",
    "front_numbers": [
      6,
      9,
      11,
      14,
      21
    ],
    "back_numbers": [
      1,
      3
    ],
    "prize_pool": "903,373,114.47",
    "sales": "264,730,145",
    "first_prize_num": "2",
    "first_prize_amount": "10,000,000"
  },
  {
    "draw_num": "21010",
    "draw_date": "2021-01-23",
    "front_numbers": [
      1,
      5,
      16,
      22,
      34
    ],
    "back_numbers": [
      8,
      11
    ],
    "prize_pool": "886,344,173.85",
    "sales": "292,800,978",
    "first_prize_num": "4",
    "first_prize_amount": "10,000,000"
  },
  {
    "draw_num": "21009",
    "draw_date": "2021-01-20",
    "front_numbers": [
      1,
      3,
      20,
      29,
      32
    ],
    "back_numbers": [
      5,
      12
    ],
    "prize_pool": "865,327,652.86",
    "sales": "270,385,175",
    "first_prize_num": "1",
    "first_prize_amount": "10,000,000"
  },
  {
    "draw_num": "21008",
    "draw_date": "2021-01-18",
    "front_numbers": [
      5,
      19,
      20,
      27,
      33
    ],
    "back_numbers": [
      3,
      8
    ],
    "prize_pool": "821,084,248.77",
    "sales": "267,627,406",
    "first_prize_num": "10",
    "first_prize_amount": "8,342,623"
  },
  {
    "draw_num": "21007",
    "draw_date": "2021-01-16",
    "front_numbers": [
      5,
      23,
      30,
      34,
      35
    ],
    "back_numbers": [
      8,
      10
    ],
    "prize_pool": "854,868,061.47",
    "sales": "290,613,639",
    "first_prize_num": "3",
    "first_prize_amount": "10,000,000"
  },
  {
    "draw_num": "21006",
    "draw_date": "2021-01-13",
    "front_numbers": [
      4,
      22,
      25,
      28,
      35
    ],
    "back_numbers": [
      4,
      5
    ],
    "prize_pool": "830,578,066.14",
    "sales": "273,199,546",
    "first_prize_num": "1",
    "first_prize_amount": "10,000,000"
  },
  {
    "draw_num": "21005",
    "draw_date": "2021-01-11",
    "front_numbers": [
      3,
      7,
      10,
      12,
      35
    ],
    "back_numbers": [
      3,
      5
    ],
    "prize_pool": "782,127,364.06",
    "sales": "270,292,542",
    "first_prize_num": "1",
    "first_prize_amount": "10,000,000"
  },
  {
    "draw_num": "21004",
    "draw_date": "2021-01-09",
    "front_numbers": [
      5,
      10,
      17,
      23,
      28
    ],
    "back_numbers": [
      2,
      8
    ],
    "prize_pool": "742,165,173.61",
    "sales": "287,870,674",
    "first_prize_num": "14",
    "first_prize_amount": "6,781,783"
  },
  {
    "draw_num": "21003",
    "draw_date": "2021-01-06",
    "front_numbers": [
      7,
      21,
      28,
      31,
      35
    ],
    "back_numbers": [
      4,
      10
    ],
    "prize_pool": "811,003,039.74",
    "sales": "271,582,391",
    "first_prize_num": "6",
    "first_prize_amount": "10,000,000"
  },
  {
    "draw_num": "21002",
    "draw_date": "2021-01-04",
    "front_numbers": [
      2,
      16,
      26,
      31,
      34
    ],
    "back_numbers": [
      9,
      11
    ],
    "prize_pool": "825,914,620",
    "sales": "278,003,685",
    "first_prize_num": "3",
    "first_prize_amount": "10,000,000"
  },
  {
    "draw_num": "21001",
    "draw_date": "2021-01-02",
    "front_numbers": [
      2,
      6,
      12,
      19,
      33
    ],
    "back_numbers": [
      8,
      9
    ],
    "prize_pool": "801,248,467.89",
    "sales": "301,287,873",
    "first_prize_num": "2",
    "first_prize_amount": "10,000,000"
  },
  {
    "draw_num": "20134",
    "draw_date": "2020-12-30",
    "front_numbers": [
      8,
      11,
      13,
      22,
      25
    ],
    "back_numbers": [
      4,
      7
    ],
    "prize_pool": "763,061,054.83",
    "sales": "279,450,044",
    "first_prize_num": "8",
    "first_prize_amount": "7,660,983"
  },
  {
    "draw_num": "20133",
    "draw_date": "2020-12-28",
    "front_numbers": [
      11,
      24,
      26,
      33,
      35
    ],
    "back_numbers": [
      8,
      9
    ],
    "prize_pool": "802,371,363.19",
    "sales": "278,817,951",
    "first_prize_num": "2",
    "first_prize_amount": "10,000,000"
  },
  {
    "draw_num": "20132",
    "draw_date": "2020-12-26",
    "front_numbers": [
      3,
      15,
      16,
      17,
      21
    ],
    "back_numbers": [
      7,
      10
    ],
    "prize_pool": "772,089,653.02",
    "sales": "305,220,768",
    "first_prize_num": "7",
    "first_prize_amount": "8,732,884"
  },
  {
    "draw_num": "20131",
    "draw_date": "2020-12-23",
    "front_numbers": [
      8,
      25,
      27,
      29,
      35
    ],
    "back_numbers": [
      2,
      3
    ],
    "prize_pool": "804,095,086.65",
    "sales": "276,280,604",
    "first_prize_num": "4",
    "first_prize_amount": "7,836,812"
  },
  {
    "draw_num": "20130",
    "draw_date": "2020-12-21",
    "front_numbers": [
      16,
      17,
      23,
      26,
      32
    ],
    "back_numbers": [
      2,
      12
    ],
    "prize_pool": "788,606,650.29",
    "sales": "275,873,752",
    "first_prize_num": "7",
    "first_prize_amount": "8,580,412"
  },
  {
    "draw_num": "20129",
    "draw_date": "2020-12-19",
    "front_numbers": [
      10,
      22,
      27,
      33,
      34
    ],
    "back_numbers": [
      1,
      11
    ],
    "prize_pool": "816,759,357.92",
    "sales": "299,215,239",
    "first_prize_num": "2",
    "first_prize_amount": "10,000,000"
  },
  {
    "draw_num": "20128",
    "draw_date": "2020-12-16",
    "front_numbers": [
      9,
      12,
      13,
      26,
      33
    ],
    "back_numbers": [
      4,
      10
    ],
    "prize_pool": "761,816,706.67",
    "sales": "274,958,597",
    "first_prize_num": "3",
    "first_prize_amount": "10,000,000"
  },
  {
    "draw_num": "20127",
    "draw_date": "2020-12-14",
    "front_numbers": [
      1,
      4,
      17,
      18,
      26
    ],
    "back_numbers": [
      3,
      10
    ],
    "prize_pool": "723,320,954",
    "sales": "276,778,645",
    "first_prize_num": "5",
    "first_prize_amount": "6,788,183"
  },
  {
    "draw_num": "20126",
    "draw_date": "2020-12-12",
    "front_numbers": [
      1,
      4,
      9,
      22,
      28
    ],
    "back_numbers": [
      4,
      12
    ],
    "prize_pool": "721,797,951.79",
    "sales": "298,548,217",
    "first_prize_num": "4",
    "first_prize_amount": "8,293,025"
  },
  {
    "draw_num": "20125",
    "draw_date": "2020-12-09",
    "front_numbers": [
      1,
      2,
      3,
      8,
      22
    ],
    "back_numbers": [
      1,
      4
    ],
    "prize_pool": "699,959,034.32",
    "sales": "275,346,986",
    "first_prize_num": "2",
    "first_prize_amount": "9,473,073"
  },
  {
    "draw_num": "20124",
    "draw_date": "2020-12-07",
    "front_numbers": [
      11,
      15,
      24,
      26,
      35
    ],
    "back_numbers": [
      4,
      5
    ],
    "prize_pool": "671,260,146.90",
    "sales": "278,064,291",
    "first_prize_num": "3",
    "first_prize_amount": "8,940,268"
  },
  {
    "draw_num": "20123",
    "draw_date": "2020-12-05",
    "front_numbers": [
      1,
      7,
      11,
      15,
      21
    ],
    "back_numbers": [
      4,
      11
    ],
    "prize_pool": "641,696,961",
    "sales": "304,863,915",
    "first_prize_num": "5",
    "first_prize_amount": "7,560,029"
  },
  {
    "draw_num": "20122",
    "draw_date": "2020-12-02",
    "front_numbers": [
      8,
      19,
      29,
      34,
      35
    ],
    "back_numbers": [
      6,
      11
    ],
    "prize_pool": "629,576,538.56",
    "sales": "281,651,508",
    "first_prize_num": "10",
    "first_prize_amount": "5,812,539"
  },
  {
    "draw_num": "20121",
    "draw_date": "2020-11-30",
    "front_numbers": [
      9,
      17,
      27,
      28,
      35
    ],
    "back_numbers": [
      3,
      8
    ],
    "prize_pool": "658,127,792.19",
    "sales": "278,202,603",
    "first_prize_num": "12",
    "first_prize_amount": "5,888,553"
  },
  {
    "draw_num": "20120",
    "draw_date": "2020-11-28",
    "front_numbers": [
      5,
      25,
      26,
      30,
      35
    ],
    "back_numbers": [
      4,
      10
    ],
    "prize_pool": "694,960,351.32",
    "sales": "301,311,242",
    "first_prize_num": "6",
    "first_prize_amount": "7,151,477"
  },
  {
    "draw_num": "20119",
    "draw_date": "2020-11-25",
    "front_numbers": [
      14,
      22,
      24,
      28,
      32
    ],
    "back_numbers": [
      7,
      8
    ],
    "prize_pool": "685,541,779.34",
    "sales": "274,272,049",
    "first_prize_num": "5",
    "first_prize_amount": "6,488,585"
  },
  {
    "draw_num": "20118",
    "draw_date": "2020-11-23",
    "front_numbers": [
      1,
      9,
      15,
      30,
      33
    ],
    "back_numbers": [
      4,
      9
    ],
    "prize_pool": "691,143,211.21",
    "sales": "275,653,893",
    "first_prize_num": "3",
    "first_prize_amount": "10,000,000"
  },
  {
    "draw_num": "20117",
    "draw_date": "2020-11-21",
    "front_numbers": [
      7,
      19,
      20,
      23,
      24
    ],
    "back_numbers": [
      5,
      10
    ],
    "prize_pool": "657,082,924.61",
    "sales": "295,676,112",
    "first_prize_num": "6",
    "first_prize_amount": "6,533,726"
  },
  {
    "draw_num": "20116",
    "draw_date": "2020-11-18",
    "front_numbers": [
      8,
      10,
      12,
      16,
      22
    ],
    "back_numbers": [
      3,
      9
    ],
    "prize_pool": "661,279,587.98",
    "sales": "281,698,423",
    "first_prize_num": "7",
    "first_prize_amount": "6,651,639"
  },
  {
    "draw_num": "20115",
    "draw_date": "2020-11-16",
    "front_numbers": [
      1,
      9,
      18,
      19,
      23
    ],
    "back_numbers": [
      1,
      9
    ],
    "prize_pool": "663,087,702.46",
    "sales": "284,014,718",
    "first_prize_num": "13",
    "first_prize_amount": "5,858,135"
  },
  {
    "draw_num": "20114",
    "draw_date": "2020-11-14",
    "front_numbers": [
      10,
      12,
      21,
      24,
      30
    ],
    "back_numbers": [
      3,
      7
    ],
    "prize_pool": "699,754,233.60",
    "sales": "311,221,154",
    "first_prize_num": "6",
    "first_prize_amount": "7,416,283"
  },
  {
    "draw_num": "20113",
    "draw_date": "2020-11-11",
    "front_numbers": [
      6,
      14,
      18,
      28,
      33
    ],
    "back_numbers": [
      2,
      5
    ],
    "prize_pool": "686,105,119.23",
    "sales": "281,010,096",
    "first_prize_num": "5",
    "first_prize_amount": "7,771,898"
  },
  {
    "draw_num": "20112",
    "draw_date": "2020-11-09",
    "front_numbers": [
      8,
      11,
      13,
      30,
      32
    ],
    "back_numbers": [
      2,
      6
    ],
    "prize_pool": "670,912,594.15",
    "sales": "278,836,720",
    "first_prize_num": "2",
    "first_prize_amount": "10,000,000"
  },
  {
    "draw_num": "20111",
    "draw_date": "2020-11-07",
    "front_numbers": [
      5,
      7,
      9,
      20,
      28
    ],
    "back_numbers": [
      2,
      7
    ],
    "prize_pool": "633,996,339.27",
    "sales": "305,503,745",
    "first_prize_num": "4",
    "first_prize_amount": "7,667,800"
  },
  {
    "draw_num": "20110",
    "draw_date": "2020-11-04",
    "front_numbers": [
      11,
      16,
      20,
      21,
      28
    ],
    "back_numbers": [
      5,
      11
    ],
    "prize_pool": "620,860,563.24",
    "sales": "282,491,639",
    "first_prize_num": "6",
    "first_prize_amount": "6,966,119"
  },
  {
    "draw_num": "20109",
    "draw_date": "2020-11-02",
    "front_numbers": [
      2,
      20,
      21,
      23,
      32
    ],
    "back_numbers": [
      6,
      12
    ],
    "prize_pool": "616,088,689.54",
    "sales": "278,965,485",
    "first_prize_num": "1",
    "first_prize_amount": "10,000,000"
  },
  {
    "draw_num": "20108",
    "draw_date": "2020-10-31",
    "front_numbers": [
      2,
      3,
      6,
      7,
      33
    ],
    "back_numbers": [
      8,
      9
    ],
    "prize_pool": "565,897,074.17",
    "sales": "304,680,045",
    "first_prize_num": "13",
    "first_prize_amount": "5,881,296"
  },
  {
    "draw_num": "20107",
    "draw_date": "2020-10-28",
    "front_numbers": [
      1,
      4,
      13,
      17,
      28
    ],
    "back_numbers": [
      3,
      7
    ],
    "prize_pool": "611,359,962.68",
    "sales": "282,777,346",
    "first_prize_num": "14",
    "first_prize_amount": "5,409,214"
  },
  {
    "draw_num": "20106",
    "draw_date": "2020-10-26",
    "front_numbers": [
      2,
      3,
      11,
      14,
      27
    ],
    "back_numbers": [
      4,
      10
    ],
    "prize_pool": "676,948,324.55",
    "sales": "277,207,977",
    "first_prize_num": "6",
    "first_prize_amount": "7,175,347"
  },
  {
    "draw_num": "20105",
    "draw_date": "2020-10-24",
    "front_numbers": [
      3,
      8,
      12,
      13,
      22
    ],
    "back_numbers": [
      4,
      12
    ],
    "prize_pool": "669,097,275.89",
    "sales": "301,070,175",
    "first_prize_num": "4",
    "first_prize_amount": "8,474,471"
  },
  {
    "draw_num": "20104",
    "draw_date": "2020-10-21",
    "front_numbers": [
      3,
      12,
      23,
      26,
      30
    ],
    "back_numbers": [
      4,
      7
    ],
    "prize_pool": "644,732,638.55",
    "sales": "276,928,873",
    "first_prize_num": "35",
    "first_prize_amount": "5,543,834"
  },
  {
    "draw_num": "20103",
    "draw_date": "2020-10-19",
    "front_numbers": [
      7,
      12,
      13,
      19,
      23
    ],
    "back_numbers": [
      2,
      8
    ],
    "prize_pool": "929,277,059.37",
    "sales": "273,609,545",
    "first_prize_num": "7",
    "first_prize_amount": "7,056,688"
  },
  {
    "draw_num": "20102",
    "draw_date": "2020-10-17",
    "front_numbers": [
      7,
      11,
      18,
      20,
      29
    ],
    "back_numbers": [
      9,
      12
    ],
    "prize_pool": "965,450,648.80",
    "sales": "290,224,663",
    "first_prize_num": "2",
    "first_prize_amount": "10,000,000"
  },
  {
    "draw_num": "20101",
    "draw_date": "2020-10-14",
    "front_numbers": [
      3,
      4,
      5,
      9,
      34
    ],
    "back_numbers": [
      7,
      9
    ],
    "prize_pool": "942,455,528.10",
    "sales": "270,291,174",
    "first_prize_num": "5",
    "first_prize_amount": "10,000,000"
  },
  {
    "draw_num": "20100",
    "draw_date": "2020-10-12",
    "front_numbers": [
      4,
      5,
      8,
      22,
      33
    ],
    "back_numbers": [
      7,
      10
    ],
    "prize_pool": "936,240,580.80",
    "sales": "274,948,701",
    "first_prize_num": "4",
    "first_prize_amount": "10,000,000"
  },
  {
    "draw_num": "20099",
    "draw_date": "2020-10-10",
    "front_numbers": [
      2,
      3,
      11,
      15,
      27
    ],
    "back_numbers": [
      4,
      12
    ],
    "prize_pool": "913,910,111.18",
    "sales": "301,168,262",
    "first_prize_num": "7",
    "first_prize_amount": "9,276,156"
  },
  {
    "draw_num": "20098",
    "draw_date": "2020-10-07",
    "front_numbers": [
      4,
      9,
      15,
      24,
      35
    ],
    "back_numbers": [
      4,
      10
    ],
    "prize_pool": "936,316,143.83",
    "sales": "264,989,928",
    "first_prize_num": "7",
    "first_prize_amount": "8,375,237"
  },
  {
    "draw_num": "20097",
    "draw_date": "2020-10-05",
    "front_numbers": [
      5,
      25,
      27,
      30,
      34
    ],
    "back_numbers": [
      6,
      12
    ],
    "prize_pool": "963,061,001.51",
    "sales": "225,919,953",
    "first_prize_num": "8",
    "first_prize_amount": "8,142,371"
  },
  {
    "draw_num": "20096",
    "draw_date": "2020-09-30",
    "front_numbers": [
      7,
      8,
      10,
      25,
      28
    ],
    "back_numbers": [
      3,
      11
    ],
    "prize_pool": "988,983,176.36",
    "sales": "282,876,912",
    "first_prize_num": "3",
    "first_prize_amount": "10,000,000"
  },
  {
    "draw_num": "20095",
    "draw_date": "2020-09-28",
    "front_numbers": [
      2,
      18,
      25,
      26,
      32
    ],
    "back_numbers": [
      2,
      7
    ],
    "prize_pool": "971,831,929.59",
    "sales": "265,863,829",
    "first_prize_num": "5",
    "first_prize_amount": "10,000,000"
  },
  {
    "draw_num": "20094",
    "draw_date": "2020-09-26",
    "front_numbers": [
      4,
      6,
      7,
      8,
      16
    ],
    "back_numbers": [
      2,
      8
    ],
    "prize_pool": "986,269,654.25",
    "sales": "290,322,382",
    "first_prize_num": "1",
    "first_prize_amount": "10,000,000"
  },
  {
    "draw_num": "20093",
    "draw_date": "2020-09-23",
    "front_numbers": [
      6,
      14,
      25,
      27,
      28
    ],
    "back_numbers": [
      4,
      11
    ],
    "prize_pool": "939,867,946.15",
    "sales": "279,991,779",
    "first_prize_num": "1",
    "first_prize_amount": "10,000,000"
  },
  {
    "draw_num": "20092",
    "draw_date": "2020-09-21",
    "front_numbers": [
      8,
      11,
      17,
      31,
      35
    ],
    "back_numbers": [
      7,
      11
    ],
    "prize_pool": "893,054,932.92",
    "sales": "269,838,213",
    "first_prize_num": "3",
    "first_prize_amount": "10,000,000"
  },
  {
    "draw_num": "20091",
    "draw_date": "2020-09-19",
    "front_numbers": [
      12,
      16,
      20,
      23,
      31
    ],
    "back_numbers": [
      5,
      12
    ],
    "prize_pool": "863,707,287.91",
    "sales": "293,820,005",
    "first_prize_num": "2",
    "first_prize_amount": "10,000,000"
  },
  {
    "draw_num": "20090",
    "draw_date": "2020-09-16",
    "front_numbers": [
      5,
      6,
      27,
      28,
      29
    ],
    "back_numbers": [
      11,
      12
    ],
    "prize_pool": "820,939,644.90",
    "sales": "280,443,686",
    "first_prize_num": "18",
    "first_prize_amount": "6,420,892"
  },
  {
    "draw_num": "20089",
    "draw_date": "2020-09-14",
    "front_numbers": [
      13,
      16,
      20,
      22,
      27
    ],
    "back_numbers": [
      1,
      2
    ],
    "prize_pool": "910,070,806.58",
    "sales": "274,438,340",
    "first_prize_num": "2",
    "first_prize_amount": "10,000,000"
  },
  {
    "draw_num": "20088",
    "draw_date": "2020-09-12",
    "front_numbers": [
      2,
      7,
      23,
      26,
      35
    ],
    "back_numbers": [
      1,
      12
    ],
    "prize_pool": "868,351,367.23",
    "sales": "297,982,352",
    "first_prize_num": "3",
    "first_prize_amount": "10,000,000"
  },
  {
    "draw_num": "20087",
    "draw_date": "2020-09-09",
    "front_numbers": [
      1,
      4,
      20,
      23,
      29
    ],
    "back_numbers": [
      4,
      8
    ],
    "prize_pool": "840,146,318.60",
    "sales": "285,933,804",
    "first_prize_num": "2",
    "first_prize_amount": "10,000,000"
  },
  {
    "draw_num": "20086",
    "draw_date": "2020-09-07",
    "front_numbers": [
      8,
      11,
      15,
      20,
      28
    ],
    "back_numbers": [
      4,
      10
    ],
    "prize_pool": "801,056,869.71",
    "sales": "273,366,854",
    "first_prize_num": "6",
    "first_prize_amount": "10,000,000"
  },
  {
    "draw_num": "20085",
    "draw_date": "2020-09-05",
    "front_numbers": [
      3,
      4,
      11,
      15,
      28
    ],
    "back_numbers": [
      2,
      3
    ],
    "prize_pool": "817,700,325.61",
    "sales": "295,847,488",
    "first_prize_num": "19",
    "first_prize_amount": "5,878,445"
  },
  {
    "draw_num": "20084",
    "draw_date": "2020-09-02",
    "front_numbers": [
      2,
      10,
      20,
      24,
      31
    ],
    "back_numbers": [
      6,
      12
    ],
    "prize_pool": "917,779,485.86",
    "sales": "281,668,774",
    "first_prize_num": "6",
    "first_prize_amount": "10,000,000"
  },
  {
    "draw_num": "20083",
    "draw_date": "2020-08-31",
    "front_numbers": [
      1,
      2,
      17,
      32,
      34
    ],
    "back_numbers": [
      4,
      9
    ],
    "prize_pool": "923,726,886.74",
    "sales": "271,235,594",
    "first_prize_num": "5",
    "first_prize_amount": "10,000,000"
  },
  {
    "draw_num": "20082",
    "draw_date": "2020-08-29",
    "front_numbers": [
      2,
      11,
      12,
      21,
      34
    ],
    "back_numbers": [
      4,
      8
    ],
    "prize_pool": "913,232,816.11",
    "sales": "291,838,192",
    "first_prize_num": "7",
    "first_prize_amount": "8,556,891"
  },
  {
    "draw_num": "20081",
    "draw_date": "2020-08-26",
    "front_numbers": [
      1,
      13,
      15,
      32,
      35
    ],
    "back_numbers": [
      8,
      10
    ],
    "prize_pool": "941,509,338.17",
    "sales": "266,594,465",
    "first_prize_num": "2",
    "first_prize_amount": "10,000,000"
  },
  {
    "draw_num": "20080",
    "draw_date": "2020-08-24",
    "front_numbers": [
      3,
      6,
      22,
      24,
      25
    ],
    "back_numbers": [
      9,
      10
    ],
    "prize_pool": "898,072,957.75",
    "sales": "263,844,694",
    "first_prize_num": "8",
    "first_prize_amount": "7,392,120"
  },
  {
    "draw_num": "20079",
    "draw_date": "2020-08-22",
    "front_numbers": [
      4,
      16,
      24,
      29,
      35
    ],
    "back_numbers": [
      2,
      12
    ],
    "prize_pool": "941,997,905.73",
    "sales": "292,614,622",
    "first_prize_num": "5",
    "first_prize_amount": "10,000,000"
  }
]