[
  {
    "draw_num": "20078",
    "draw_date": "2020-08-19",
    "front_numbers": [
      14,
      18,
      20,
      28,
      34
    ],
    "back_numbers": [
      10,
      11
    ],
    "prize_pool": "932,733,357.90",
    "sales": "269,949,871",
    "first_prize_num": "2",
    "first_prize_amount": "10,000,000"
  },
  {
    "draw_num": "20077",
    "draw_date": "2020-08-17",
    "front_numbers": [
      17,
      23,
      28,
      29,
      32
    ],
    "back_numbers": [
      1,
      3
    ],
    "prize_pool": "890,203,888.20",
    "sales": "270,568,843",
    "first_prize_num": "0",
    "first_prize_amount": "---"
  },
  {
    "draw_num": "20076",
    "draw_date": "2020-08-15",
    "front_numbers": [
      1,
      8,
      18,
      28,
      30
    ],
    "back_numbers": [
      10,
      12
    ],
    "prize_pool": "827,752,078.21",
    "sales": "294,292,139",
    "first_prize_num": "7",
    "first_prize_amount": "9,172,500"
  },
  {
    "draw_num": "20075",
    "draw_date": "2020-08-12",
    "front_numbers": [
      2,
      9,
      10,
      21,
      35
    ],
    "back_numbers": [
      1,
      7
    ],
    "prize_pool": "848,526,594.54",
    "sales": "271,697,395",
    "first_prize_num": "4",
    "first_prize_amount": "10,000,000"
  },
  {
    "draw_num": "20074",
    "draw_date": "2020-08-10",
    "front_numbers": [
      3,
      9,
      10,
      12,
      21
    ],
    "back_numbers": [
      4,
      11
    ],
    "prize_pool": "829,434,509.37",
    "sales": "270,785,594",
    "first_prize_num": "8",
    "first_prize_amount": "8,240,826"
  },
  {
    "draw_num": "20073",
    "draw_date": "2020-08-08",
    "front_numbers": [
      4,
      10,
      12,
      23,
      27
    ],
    "back_numbers": [
      8,
      9
    ],
    "prize_pool": "857,463,717.87",
    "sales": "298,601,828",
    "first_prize_num": "7",
    "first_prize_amount": "9,742,502"
  },
  {
    "draw_num": "20072",
    "draw_date": "2020-08-05",
    "front_numbers": [
      11,
      15,
      18,
      20,
      27
    ],
    "back_numbers": [
      5,
      6
    ],
    "prize_pool": "875,748,466.47",
    "sales": "270,501,710",
    "first_prize_num": "22",
    "first_prize_amount": "5,677,396"
  },
  {
    "draw_num": "20071",
    "draw_date": "2020-08-03",
    "front_numbers": [
      1,
      12,
      16,
      28,
      33
    ],
    "back_numbers": [
      3,
      12
    ],
    "prize_pool": "992,189,045.86",
    "sales": "269,034,062",
    "first_prize_num": "7",
    "first_prize_amount": "8,759,262"
  },
  {
    "draw_num": "20070",
    "draw_date": "2020-08-01",
    "front_numbers": [
      1,
      22,
      30,
      31,
      32
    ],
    "back_numbers": [
      4,
      12
    ],
    "prize_pool": "1,021,716,141.15",
    "sales": "294,678,230",
    "first_prize_num": "2",
    "first_prize_amount": "10,000,000"
  },
  {
    "draw_num": "20069",
    "draw_date": "2020-07-29",
    "front_numbers": [
      5,
      7,
      26,
      30,
      31
    ],
    "back_numbers": [
      7,
      10
    ],
    "prize_pool": "984,516,773.84",
    "sales": "276,270,699",
    "first_prize_num": "3",
    "first_prize_amount": "10,000,000"
  },
  {
    "draw_num": "20068",
    "draw_date": "2020-07-27",
    "front_numbers": [
      15,
      20,
      23,
      26,
      33
    ],
    "back_numbers": [
      2,
      8
    ],
    "prize_pool": "963,387,967.08",
    "sales": "275,720,877",
    "first_prize_num": "5",
    "first_prize_amount": "10,000,000"
  },
  {
    "draw_num": "20067",
    "draw_date": "2020-07-25",
    "front_numbers": [
      1,
      8,
      14,
      16,
      28
    ],
    "back_numbers": [
      4,
      10
    ],
    "prize_pool": "969,682,196.29",
    "sales": "298,070,364",
    "first_prize_num": "1",
    "first_prize_amount": "10,000,000"
  },
  {
    "draw_num": "20066",
    "draw_date": "2020-07-22",
    "front_numbers": [
      6,
      14,
      21,
      34,
      35
    ],
    "back_numbers": [
      3,
      10
    ],
    "prize_pool": "918,419,472.87",
    "sales": "275,984,921",
    "first_prize_num": "4",
    "first_prize_amount": "10,000,000"
  },
  {
    "draw_num": "20065",
    "draw_date": "2020-07-20",
    "front_numbers": [
      13,
      15,
      26,
      32,
      33
    ],
    "back_numbers": [
      5,
      7
    ],
    "prize_pool": "905,602,072.36",
    "sales": "275,339,410",
    "first_prize_num": "2",
    "first_prize_amount": "10,000,000"
  },
  {
    "draw_num": "20064",
    "draw_date": "2020-07-18",
    "front_numbers": [
      5,
      10,
      23,
      34,
      35
    ],
    "back_numbers": [
      1,
      11
    ],
    "prize_pool": "864,409,230.86",
    "sales": "306,180,017",
    "first_prize_num": "3",
    "first_prize_amount": "10,000,000"
  },
  {
    "draw_num": "20063",
    "draw_date": "2020-07-15",
    "front_numbers": [
      11,
      18,
      20,
      21,
      33
    ],
    "back_numbers": [
      6,
      7
    ],
    "prize_pool": "828,120,323.96",
    "sales": "285,313,485",
    "first_prize_num": "3",
    "first_prize_amount": "10,000,000"
  },
  {
    "draw_num": "20062",
    "draw_date": "2020-07-13",
    "front_numbers": [
      1,
      5,
      14,
      23,
      31
    ],
    "back_numbers": [
      2,
      7
    ],
    "prize_pool": "811,151,382.09",
    "sales": "281,547,455",
    "first_prize_num": "5",
    "first_prize_amount": "10,000,000"
  },
  {
    "draw_num": "20061",
    "draw_date": "2020-07-11",
    "front_numbers": [
      7,
      8,
      12,
      21,
      26
    ],
    "back_numbers": [
      1,
      6
    ],
    "prize_pool": "823,114,481.09",
    "sales": "311,505,452",
    "first_prize_num": "5",
    "first_prize_amount": "10,000,000"
  },
  {
    "draw_num": "20060",
    "draw_date": "2020-07-08",
    "front_numbers": [
      12,
      14,
      25,
      34,
      35
    ],
    "back_numbers": [
      3,
      12
    ],
    "prize_pool": "840,309,833.54",
    "sales": "293,094,526",
    "first_prize_num": "7",
    "first_prize_amount": "10,000,000"
  },
  {
    "draw_num": "20059",
    "draw_date": "2020-07-06",
    "front_numbers": [
      1,
      15,
      22,
      28,
      32
    ],
    "back_numbers": [
      3,
      11
    ],
    "prize_pool": "845,222,708",
    "sales": "288,214,989",
    "first_prize_num": "2",
    "first_prize_amount": "10,000,000"
  },
  {
    "draw_num": "20058",
    "draw_date": "2020-07-04",
    "front_numbers": [
      1,
      15,
      19,
      26,
      27
    ],
    "back_numbers": [
      5,
      10
    ],
    "prize_pool": "801,073,308.70",
    "sales": "311,403,757",
    "first_prize_num": "5",
    "first_prize_amount": "9,421,778"
  },
  {
    "draw_num": "20057",
    "draw_date": "2020-07-01",
    "front_numbers": [
      17,
      20,
      21,
      22,
      31
    ],
    "back_numbers": [
      2,
      8
    ],
    "prize_pool": "819,749,458.84",
    "sales": "290,961,693",
    "first_prize_num": "2",
    "first_prize_amount": "10,000,000"
  },
  {
    "draw_num": "20056",
    "draw_date": "2020-06-29",
    "front_numbers": [
      3,
      11,
      25,
      29,
      34
    ],
    "back_numbers": [
      3,
      6
    ],
    "prize_pool": "788,369,268.18",
    "sales": "293,376,714",
    "first_prize_num": "2",
    "first_prize_amount": "10,000,000"
  },
  {
    "draw_num": "20055",
    "draw_date": "2020-06-27",
    "front_numbers": [
      3,
      4,
      12,
      18,
      34
    ],
    "back_numbers": [
      10,
      12
    ],
    "prize_pool": "733,955,513.29",
    "sales": "323,557,054",
    "first_prize_num": "0",
    "first_prize_amount": "---"
  },
  {
    "draw_num": "20054",
    "draw_date": "2020-06-24",
    "front_numbers": [
      11,
      14,
      15,
      19,
      20
    ],
    "back_numbers": [
      3,
      7
    ],
    "prize_pool": "652,393,349.65",
    "sales": "316,196,813",
    "first_prize_num": "8",
    "first_prize_amount": "6,499,570"
  },
  {
    "draw_num": "20053",
    "draw_date": "2020-06-22",
    "front_numbers": [
      2,
      15,
      18,
      21,
      27
    ],
    "back_numbers": [
      3,
      6
    ],
    "prize_pool": "660,208,305.90",
    "sales": "321,021,775",
    "first_prize_num": "2",
    "first_prize_amount": "10,000,000"
  },
  {
    "draw_num": "20052",
    "draw_date": "2020-06-20",
    "front_numbers": [
      9,
      11,
      26,
      28,
      35
    ],
    "back_numbers": [
      6,
      7
    ],
    "prize_pool": "617,935,816.99",
    "sales": "346,849,702",
    "first_prize_num": "1",
    "first_prize_amount": "10,000,000"
  },
  {
    "draw_num": "20051",
    "draw_date": "2020-06-17",
    "front_numbers": [
      2,
      7,
      9,
      19,
      33
    ],
    "back_numbers": [
      1,
      7
    ],
    "prize_pool": "546,514,269.79",
    "sales": "316,737,986",
    "first_prize_num": "3",
    "first_prize_amount": "9,837,277"
  },
  {
    "draw_num": "20050",
    "draw_date": "2020-06-15",
    "front_numbers": [
      3,
      14,
      16,
      22,
      34
    ],
    "back_numbers": [
      2,
      6
    ],
    "prize_pool": "519,429,958.07",
    "sales": "319,364,735",
    "first_prize_num": "3",
    "first_prize_amount": "10,000,000"
  },
  {
    "draw_num": "20049",
    "draw_date": "2020-06-13",
    "front_numbers": [
      3,
      11,
      15,
      22,
      30
    ],
    "back_numbers": [
      8,
      10
    ],
    "prize_pool": "466,168,612.25",
    "sales": "346,562,943",
    "first_prize_num": "7",
    "first_prize_amount": "6,767,678"
  },
  {
    "draw_num": "20048",
    "draw_date": "2020-06-10",
    "front_numbers": [
      3,
      9,
      10,
      15,
      16
    ],
    "back_numbers": [
      7,
      9
    ],
    "prize_pool": "464,779,671.25",
    "sales": "326,341,634",
    "first_prize_num": "6",
    "first_prize_amount": "6,920,039"
  },
  {
    "draw_num": "20047",
    "draw_date": "2020-06-08",
    "front_numbers": [
      4,
      18,
      27,
      28,
      30
    ],
    "back_numbers": [
      3,
      10
    ],
    "prize_pool": "459,553,012.37",
    "sales": "329,244,489",
    "first_prize_num": "5",
    "first_prize_amount": "7,088,857"
  },
  {
    "draw_num": "20046",
    "draw_date": "2020-06-06",
    "front_numbers": [
      15,
      24,
      27,
      30,
      34
    ],
    "back_numbers": [
      4,
      12
    ],
    "prize_pool": "450,033,830.40",
    "sales": "356,817,551",
    "first_prize_num": "2",
    "first_prize_amount": "10,000,000"
  },
  {
    "draw_num": "20045",
    "draw_date": "2020-06-03",
    "front_numbers": [
      2,
      9,
      16,
      23,
      27
    ],
    "back_numbers": [
      3,
      8
    ],
    "prize_pool": "397,099,392.41",
    "sales": "331,645,185",
    "first_prize_num": "56",
    "first_prize_amount": "5,129,137"
  },
  {
    "draw_num": "20044",
    "draw_date": "2020-06-01",
    "front_numbers": [
      1,
      3,
      22,
      28,
      30
    ],
    "back_numbers": [
      2,
      5
    ],
    "prize_pool": "793,042,322.23",
    "sales": "326,278,357",
    "first_prize_num": "4",
    "first_prize_amount": "7,648,434"
  },
  {
    "draw_num": "20043",
    "draw_date": "2020-05-30",
    "front_numbers": [
      12,
      13,
      17,
      31,
      32
    ],
    "back_numbers": [
      1,
      6
    ],
    "prize_pool": "775,887,380.27",
    "sales": "361,785,294",
    "first_prize_num": "2",
    "first_prize_amount": "10,000,000"
  },
  {
    "draw_num": "20042",
    "draw_date": "2020-05-27",
    "front_numbers": [
      3,
      4,
      5,
      11,
      22
    ],
    "back_numbers": [
      5,
      6
    ],
    "prize_pool": "712,471,084.60",
    "sales": "329,246,559",
    "first_prize_num": "73",
    "first_prize_amount": "5,024,350"
  },
  {
    "draw_num": "20041",
    "draw_date": "2020-05-25",
    "front_numbers": [
      7,
      13,
      20,
      29,
      34
    ],
    "back_numbers": [
      4,
      7
    ],
    "prize_pool": "1,240,028,369.51",
    "sales": "323,641,936",
    "first_prize_num": "10",
    "first_prize_amount": "8,174,807"
  },
  {
    "draw_num": "20040",
    "draw_date": "2020-05-23",
    "front_numbers": [
      2,
      17,
      20,
      28,
      29
    ],
    "back_numbers": [
      1,
      7
    ],
    "prize_pool": "1,290,293,247.09",
    "sales": "350,219,331",
    "first_prize_num": "3",
    "first_prize_amount": "10,000,000"
  },
  {
    "draw_num": "20039",
    "draw_date": "2020-05-20",
    "front_numbers": [
      1,
      5,
      15,
      22,
      31
    ],
    "back_numbers": [
      2,
      9
    ],
    "prize_pool": "1,252,426,576.78",
    "sales": "327,734,435",
    "first_prize_num": "2",
    "first_prize_amount": "10,000,000"
  },
  {
    "draw_num": "20038",
    "draw_date": "2020-05-18",
    "front_numbers": [
      4,
      15,
      20,
      22,
      24
    ],
    "back_numbers": [
      1,
      9
    ],
    "prize_pool": "1,189,804,473.72",
    "sales": "321,713,613",
    "first_prize_num": "1",
    "first_prize_amount": "10,000,000"
  },
  {
    "draw_num": "20037",
    "draw_date": "2020-05-16",
    "front_numbers": [
      1,
      4,
      10,
      11,
      14
    ],
    "back_numbers": [
      2,
      5
    ],
    "prize_pool": "1,119,552,352.13",
    "sales": "347,550,329",
    "first_prize_num": "11",
    "first_prize_amount": "8,423,230"
  },
  {
    "draw_num": "20036",
    "draw_date": "2020-05-13",
    "front_numbers": [
      1,
      5,
      11,
      12,
      26
    ],
    "back_numbers": [
      2,
      7
    ],
    "prize_pool": "1,165,797,219.79",
    "sales": "329,608,250",
    "first_prize_num": "6",
    "first_prize_amount": "10,000,000"
  },
  {
    "draw_num": "20035",
    "draw_date": "2020-05-11",
    "front_numbers": [
      10,
      11,
      22,
      26,
      28
    ],
    "back_numbers": [
      2,
      4
    ],
    "prize_pool": "1,181,117,012.94",
    "sales": "322,907,375",
    "first_prize_num": "2",
    "first_prize_amount": "10,000,000"
  },
  {
    "draw_num": "20034",
    "draw_date": "2020-05-09",
    "front_numbers": [
      11,
      13,
      20,
      27,
      31
    ],
    "back_numbers": [
      2,
      4
    ],
    "prize_pool": "1,119,481,106.31",
    "sales": "363,231,403",
    "first_prize_num": "8",
    "first_prize_amount": "9,891,637"
  },
  {
    "draw_num": "20033",
    "draw_date": "2020-05-06",
    "front_numbers": [
      7,
      19,
      20,
      31,
      34
    ],
    "back_numbers": [
      5,
      8
    ],
    "prize_pool": "1,148,417,852.22",
    "sales": "344,128,096",
    "first_prize_num": "6",
    "first_prize_amount": "10,000,000"
  },
  {
    "draw_num": "20032",
    "draw_date": "2020-05-04",
    "front_numbers": [
      2,
      3,
      9,
      16,
      32
    ],
    "back_numbers": [
      3,
      4
    ],
    "prize_pool": "1,167,303,638.03",
    "sales": "315,030,186",
    "first_prize_num": "19",
    "first_prize_amount": "5,845,668"
  },
  {
    "draw_num": "20031",
    "draw_date": "2020-05-02",
    "front_numbers": [
      1,
      2,
      5,
      15,
      21
    ],
    "back_numbers": [
      4,
      5
    ],
    "prize_pool": "1,285,895,989.31",
    "sales": "348,801,433",
    "first_prize_num": "7",
    "first_prize_amount": "9,916,051"
  },
  {
    "draw_num": "20030",
    "draw_date": "2020-04-29",
    "front_numbers": [
      1,
      8,
      17,
      27,
      30
    ],
    "back_numbers": [
      5,
      6
    ],
    "prize_pool": "1,308,815,502.70",
    "sales": "336,512,111",
    "first_prize_num": "6",
    "first_prize_amount": "9,047,466"
  },
  {
    "draw_num": "20029",
    "draw_date": "2020-04-27",
    "front_numbers": [
      11,
      14,
      17,
      22,
      30
    ],
    "back_numbers": [
      7,
      9
    ],
    "prize_pool": "1,333,962,953.67",
    "sales": "274,347,215",
    "first_prize_num": "4",
    "first_prize_amount": "10,000,000"
  },
  {
    "draw_num": "20028",
    "draw_date": "2020-04-25",
    "front_numbers": [
      4,
      5,
      28,
      34,
      35
    ],
    "back_numbers": [
      1,
      8
    ],
    "prize_pool": "1,319,654,037.70",
    "sales": "297,809,663",
    "first_prize_num": "13",
    "first_prize_amount": "6,757,551"
  },
  {
    "draw_num": "20027",
    "draw_date": "2020-04-22",
    "front_numbers": [
      4,
      7,
      20,
      25,
      32
    ],
    "back_numbers": [
      3,
      9
    ],
    "prize_pool": "1,403,985,231.54",
    "sales": "267,026,928",
    "first_prize_num": "6",
    "first_prize_amount": "9,243,858"
  },
  {
    "draw_num": "20026",
    "draw_date": "2020-04-20",
    "front_numbers": [
      3,
      15,
      26,
      32,
      34
    ],
    "back_numbers": [
      8,
      12
    ],
    "prize_pool": "1,423,923,368.22",
    "sales": "267,647,668",
    "first_prize_num": "7",
    "first_prize_amount": "9,777,969"
  },
  {
    "draw_num": "20025",
    "draw_date": "2020-04-18",
    "front_numbers": [
      2,
      14,
      21,
      22,
      26
    ],
    "back_numbers": [
      5,
      7
    ],
    "prize_pool": "1,442,053,199.37",
    "sales": "290,980,102",
    "first_prize_num": "5",
    "first_prize_amount": "10,000,000"
  },
  {
    "draw_num": "20024",
    "draw_date": "2020-04-15",
    "front_numbers": [
      3,
      5,
      6,
      24,
      30
    ],
    "back_numbers": [
      3,
      7
    ],
    "prize_pool": "1,437,049,654.69",
    "sales": "274,944,706",
    "first_prize_num": "4",
    "first_prize_amount": "9,810,302"
  },
  {
    "draw_num": "20023",
    "draw_date": "2020-04-13",
    "front_numbers": [
      4,
      11,
      23,
      26,
      30
    ],
    "back_numbers": [
      1,
      6
    ],
    "prize_pool": "1,448,119,562.43",
    "sales": "266,526,290",
    "first_prize_num": "5",
    "first_prize_amount": "10,000,000"
  },
  {
    "draw_num": "20022",
    "draw_date": "2020-04-11",
    "front_numbers": [
      4,
      14,
      20,
      28,
      35
    ],
    "back_numbers": [
      2,
      3
    ],
    "prize_pool": "1,459,915,831.79",
    "sales": "279,808,308",
    "first_prize_num": "1",
    "first_prize_amount": "10,000,000"
  },
  {
    "draw_num": "20021",
    "draw_date": "2020-04-08",
    "front_numbers": [
      10,
      12,
      24,
      31,
      33
    ],
    "back_numbers": [
      4,
      9
    ],
    "prize_pool": "1,418,256,965.37",
    "sales": "255,667,147",
    "first_prize_num": "9",
    "first_prize_amount": "8,087,069"
  },
  {
    "draw_num": "20020",
    "draw_date": "2020-04-06",
    "front_numbers": [
      8,
      10,
      12,
      26,
      32
    ],
    "back_numbers": [
      5,
      9
    ],
    "prize_pool": "1,452,932,119.80",
    "sales": "229,103,689",
    "first_prize_num": "3",
    "first_prize_amount": "10,000,000"
  },
  {
    "draw_num": "20019",
    "draw_date": "2020-04-04",
    "front_numbers": [
      1,
      12,
      22,
      23,
      33
    ],
    "back_numbers": [
      1,
      12
    ],
    "prize_pool": "1,445,697,714.26",
    "sales": "251,571,436",
    "first_prize_num": "4",
    "first_prize_amount": "10,000,000"
  },
  {
    "draw_num": "20018",
    "draw_date": "2020-04-01",
    "front_numbers": [
      9,
      14,
      16,
      24,
      26
    ],
    "back_numbers": [
      4,
      12
    ],
    "prize_pool": "1,443,693,869.42",
    "sales": "230,454,828",
    "first_prize_num": "0",
    "first_prize_amount": "---"
  },
  {
    "draw_num": "20017",
    "draw_date": "2020-03-30",
    "front_numbers": [
      1,
      6,
      7,
      9,
      10
    ],
    "back_numbers": [
      2,
      11
    ],
    "prize_pool": "1,394,320,153.56",
    "sales": "220,830,654",
    "first_prize_num": "6",
    "first_prize_amount": "8,730,653"
  },
  {
    "draw_num": "20016",
    "draw_date": "2020-03-28",
    "front_numbers": [
      4,
      8,
      19,
      31,
      35
    ],
    "back_numbers": [
      1,
      2
    ],
    "prize_pool": "1,414,113,824.23",
    "sales": "235,862,341",
    "first_prize_num": "3",
    "first_prize_amount": "10,000,000"
  },
  {
    "draw_num": "20015",
    "draw_date": "2020-03-25",
    "front_numbers": [
      1,
      7,
      23,
      24,
      26
    ],
    "back_numbers": [
      3,
      7
    ],
    "prize_pool": "1,389,102,103.50",
    "sales": "213,742,602",
    "first_prize_num": "2",
    "first_prize_amount": "10,000,000"
  },
  {
    "draw_num": "20014",
    "draw_date": "2020-03-23",
    "front_numbers": [
      3,
      7,
      9,
      17,
      21
    ],
    "back_numbers": [
      3,
      6
    ],
    "prize_pool": "1,368,119,121.42",
    "sales": "203,414,775",
    "first_prize_num": "4",
    "first_prize_amount": "8,706,884"
  },
  {
    "draw_num": "20013",
    "draw_date": "2020-03-21",
    "front_numbers": [
      1,
      4,
      5,
      11,
      35
    ],
    "back_numbers": [
      3,
      9
    ],
    "prize_pool": "1,382,155,014.89",
    "sales": "210,216,729",
    "first_prize_num": "9",
    "first_prize_amount": "7,976,833"
  },
  {
    "draw_num": "20012",
    "draw_date": "2020-03-18",
    "front_numbers": [
      1,
      6,
      18,
      32,
      34
    ],
    "back_numbers": [
      1,
      3
    ],
    "prize_pool": "1,417,484,530.67",
    "sales": "180,512,101",
    "first_prize_num": "2",
    "first_prize_amount": "10,000,000"
  },
  {
    "draw_num": "20011",
    "draw_date": "2020-03-16",
    "front_numbers": [
      2,
      13,
      19,
      22,
      23
    ],
    "back_numbers": [
      2,
      7
    ],
    "prize_pool": "1,392,702,843.47",
    "sales": "169,402,246",
    "first_prize_num": "5",
    "first_prize_amount": "9,096,183"
  },
  {
    "draw_num": "20010",
    "draw_date": "2020-03-14",
    "front_numbers": [
      1,
      8,
      13,
      24,
      32
    ],
    "back_numbers": [
      2,
      9
    ],
    "prize_pool": "1,408,398,438.92",
    "sales": "193,022,506",
    "first_prize_num": "6",
    "first_prize_amount": "8,599,471"
  },
  {
    "draw_num": "20009",
    "draw_date": "2020-01-20",
    "front_numbers": [
      19,
      29,
      31,
      34,
      35
    ],
    "back_numbers": [
      6,
      10
    ],
    "prize_pool": "1,426,304,213.30",
    "sales": "306,054,010",
    "first_prize_num": "6",
    "first_prize_amount": "10,000,000"
  },
  {
    "draw_num": "20008",
    "draw_date": "2020-01-18",
    "front_numbers": [
      14,
      17,
      19,
      24,
      32
    ],
    "back_numbers": [
      1,
      6
    ],
    "prize_pool": "1,436,007,520.58",
    "sales": "312,604,530",
    "first_prize_num": "4",
    "first_prize_amount": "10,000,000"
  },
  {
    "draw_num": "20007",
    "draw_date": "2020-01-15",
    "front_numbers": [
      2,
      10,
      19,
      24,
      30
    ],
    "back_numbers": [
      5,
      8
    ],
    "prize_pool": "1,413,642,398.91",
    "sales": "275,894,030",
    "first_prize_num": "12",
    "first_prize_amount": "7,162,433"
  },
  {
    "draw_num": "20006",
    "draw_date": "2020-01-13",
    "front_numbers": [
      9,
      22,
      25,
      31,
      32
    ],
    "back_numbers": [
      8,
      12
    ],
    "prize_pool": "1,474,266,993.99",
    "sales": "274,628,114",
    "first_prize_num": "1",
    "first_prize_amount": "10,000,000"
  },
  {
    "draw_num": "20005",
    "draw_date": "2020-01-11",
    "front_numbers": [
      6,
      10,
      33,
      34,
      35
    ],
    "back_numbers": [
      1,
      3
    ],
    "prize_pool": "1,430,492,845.62",
    "sales": "306,743,622",
    "first_prize_num": "7",
    "first_prize_amount": "10,000,000"
  },
  {
    "draw_num": "20004",
    "draw_date": "2020-01-08",
    "front_numbers": [
      17,
      20,
      21,
      29,
      30
    ],
    "back_numbers": [
      5,
      9
    ],
    "prize_pool": "1,439,766,324.29",
    "sales": "279,672,368",
    "first_prize_num": "4",
    "first_prize_amount": "10,000,000"
  },
  {
    "draw_num": "20003",
    "draw_date": "2020-01-06",
    "front_numbers": [
      23,
      25,
      26,
      30,
      34
    ],
    "back_numbers": [
      3,
      7
    ],
    "prize_pool": "1,441,800,541.84",
    "sales": "284,089,915",
    "first_prize_num": "0",
    "first_prize_amount": "---"
  },
  {
    "draw_num": "20002",
    "draw_date": "2020-01-04",
    "front_numbers": [
      3,
      7,
      18,
      25,
      30
    ],
    "back_numbers": [
      2,
      7
    ],
    "prize_pool": "1,369,911,815.83",
    "sales": "314,707,905",
    "first_prize_num": "6",
    "first_prize_amount": "9,908,421"
  },
  {
    "draw_num": "20001",
    "draw_date": "2020-01-01",
    "front_numbers": [
      17,
      25,
      26,
      32,
      34
    ],
    "back_numbers": [
      4,
      7
    ],
    "prize_pool": "1,387,021,574.86",
    "sales": "290,178,486",
    "first_prize_num": "2",
    "first_prize_amount": "10,000,000"
  },
  {
    "draw_num": "19150",
    "draw_date": "2019-12-30",
    "front_numbers": [
      7,
      11,
      12,
      16,
      33
    ],
    "back_numbers": [
      5,
      7
    ],
    "prize_pool": "1,347,226,023.61",
    "sales": "296,427,458",
    "first_prize_num": "19",
    "first_prize_amount": "6,819,667"
  },
  {
    "draw_num": "19149",
    "draw_date": "2019-12-28",
    "front_numbers": [
      1,
      2,
      7,
      33,
      35
    ],
    "back_numbers": [
      6,
      10
    ],
    "prize_pool": "1,422,864,761.57",
    "sales": "317,712,338",
    "first_prize_num": "0",
    "first_prize_amount": "---"
  },
  {
    "draw_num": "19148",
    "draw_date": "2019-12-25",
    "front_numbers": [
      3,
      4,
      7,
      11,
      30
    ],
    "back_numbers": [
      8,
      9
    ],
    "prize_pool": "1,357,789,883.69",
    "sales": "289,764,338",
    "first_prize_num": "5",
    "first_prize_amount": "10,000,000"
  },
  {
    "draw_num": "19147",
    "draw_date": "2019-12-23",
    "front_numbers": [
      9,
      12,
      19,
      22,
      33
    ],
    "back_numbers": [
      7,
      8
    ],
    "prize_pool": "1,365,277,988.01",
    "sales": "291,104,886",
    "first_prize_num": "6",
    "first_prize_amount": "9,568,706"
  },
  {
    "draw_num": "19146",
    "draw_date": "2019-12-21",
    "front_numbers": [
      10,
      11,
      26,
      33,
      34
    ],
    "back_numbers": [
      1,
      6
    ],
    "prize_pool": "1,381,880,354.85",
    "sales": "314,007,833",
    "first_prize_num": "15",
    "first_prize_amount": "6,697,152"
  },
  {
    "draw_num": "19145",
    "draw_date": "2019-12-18",
    "front_numbers": [
      5,
      9,
      19,
      22,
      32
    ],
    "back_numbers": [
      3,
      5
    ],
    "prize_pool": "1,484,740,051.76",
    "sales": "296,865,423",
    "first_prize_num": "5",
    "first_prize_amount": "10,000,000"
  },
  {
    "draw_num": "19144",
    "draw_date": "2019-12-16",
    "front_numbers": [
      2,
      5,
      20,
      28,
      31
    ],
    "back_numbers": [
      2,
      11
    ],
    "prize_pool": "1,542,864,127.46",
    "sales": "293,207,584",
    "first_prize_num": "5",
    "first_prize_amount": "10,000,000"
  },
  {
    "draw_num": "19143",
    "draw_date": "2019-12-14",
    "front_numbers": [
      4,
      22,
      23,
      24,
      32
    ],
    "back_numbers": [
      6,
      12
    ],
    "prize_pool": "1,598,566,973.30",
    "sales": "319,892,573",
    "first_prize_num": "5",
    "first_prize_amount": "10,000,000"
  },
  {
    "draw_num": "19142",
    "draw_date": "2019-12-11",
    "front_numbers": [
      3,
      4,
      26,
      29,
      33
    ],
    "back_numbers": [
      6,
      7
    ],
    "prize_pool": "1,627,275,280.73",
    "sales": "299,921,169",
    "first_prize_num": "3",
    "first_prize_amount": "10,000,000"
  },
  {
    "draw_num": "19141",
    "draw_date": "2019-12-09",
    "front_numbers": [
      2,
      10,
      20,
      21,
      35
    ],
    "back_numbers": [
      1,
      12
    ],
    "prize_pool": "1,655,481,325.91",
    "sales": "300,500,952",
    "first_prize_num": "3",
    "first_prize_amount": "10,000,000"
  },
  {
    "draw_num": "19140",
    "draw_date": "2019-12-07",
    "front_numbers": [
      3,
      7,
      8,
      25,
      27
    ],
    "back_numbers": [
      3,
      5
    ],
    "prize_pool": "1,668,432,904.08",
    "sales": "316,440,627",
    "first_prize_num": "7",
    "first_prize_amount": "10,000,000"
  },
  {
    "draw_num": "19139",
    "draw_date": "2019-12-04",
    "front_numbers": [
      1,
      5,
      7,
      8,
      11
    ],
    "back_numbers": [
      6,
      10
    ],
    "prize_pool": "1,732,644,632.39",
    "sales": "289,227,664",
    "first_prize_num": "7",
    "first_prize_amount": "10,000,000"
  },
  {
    "draw_num": "19138",
    "draw_date": "2019-12-02",
    "front_numbers": [
      4,
      6,
      7,
      20,
      29
    ],
    "back_numbers": [
      2,
      4
    ],
    "prize_pool": "1,807,797,395.91",
    "sales": "292,541,823",
    "first_prize_num": "2",
    "first_prize_amount": "10,000,000"
  },
  {
    "draw_num": "19137",
    "draw_date": "2019-11-30",
    "front_numbers": [
      3,
      5,
      12,
      13,
      26
    ],
    "back_numbers": [
      7,
      12
    ],
    "prize_pool": "1,811,011,407.29",
    "sales": "312,773,222",
    "first_prize_num": "4",
    "first_prize_amount": "10,000,000"
  },
  {
    "draw_num": "19136",
    "draw_date": "2019-11-27",
    "front_numbers": [
      3,
      16,
      20,
      26,
      29
    ],
    "back_numbers": [
      3,
      9
    ],
    "prize_pool": "1,836,618,362.96",
    "sales": "286,999,222",
    "first_prize_num": "9",
    "first_prize_amount": "10,000,000"
  },
  {
    "draw_num": "19135",
    "draw_date": "2019-11-25",
    "front_numbers": [
      4,
      5,
      19,
      25,
      26
    ],
    "back_numbers": [
      1,
      11
    ],
    "prize_pool": "1,952,350,514.03",
    "sales": "285,312,173",
    "first_prize_num": "4",
    "first_prize_amount": "10,000,000"
  },
  {
    "draw_num": "19134",
    "draw_date": "2019-11-23",
    "front_numbers": [
      5,
      6,
      7,
      14,
      17
    ],
    "back_numbers": [
      10,
      11
    ],
    "prize_pool": "1,982,686,527.08",
    "sales": "315,940,098",
    "first_prize_num": "4",
    "first_prize_amount": "10,000,000"
  },
  {
    "draw_num": "19133",
    "draw_date": "2019-11-20",
    "front_numbers": [
      3,
      12,
      24,
      27,
      34
    ],
    "back_numbers": [
      1,
      12
    ],
    "prize_pool": "2,012,422,203.42",
    "sales": "307,662,290",
    "first_prize_num": "3",
    "first_prize_amount": "10,000,000"
  },
  {
    "draw_num": "19132",
    "draw_date": "2019-11-18",
    "front_numbers": [
      3,
      5,
      6,
      13,
      18
    ],
    "back_numbers": [
      10,
      12
    ],
    "prize_pool": "2,031,322,367.26",
    "sales": "302,574,925",
    "first_prize_num": "5",
    "first_prize_amount": "10,000,000"
  },
  {
    "draw_num": "19131",
    "draw_date": "2019-11-16",
    "front_numbers": [
      5,
      6,
      14,
      27,
      29
    ],
    "back_numbers": [
      6,
      10
    ],
    "prize_pool": "2,069,940,752.64",
    "sales": "329,976,108",
    "first_prize_num": "3",
    "first_prize_amount": "10,000,000"
  },
  {
    "draw_num": "19130",
    "draw_date": "2019-11-13",
    "front_numbers": [
      1,
      13,
      20,
      21,
      26
    ],
    "back_numbers": [
      4,
      10
    ],
    "prize_pool": "2,080,589,741.20",
    "sales": "303,550,489",
    "first_prize_num": "3",
    "first_prize_amount": "10,000,000"
  },
  {
    "draw_num": "19129",
    "draw_date": "2019-11-11",
    "front_numbers": [
      10,
      13,
      18,
      23,
      30
    ],
    "back_numbers": [
      6,
      12
    ],
    "prize_pool": "2,091,270,342.29",
    "sales": "295,027,665",
    "first_prize_num": "6",
    "first_prize_amount": "10,000,000"
  }
]