[
  {
    "draw_num": "21144",
    "draw_date": "2021-12-15",
    "front_numbers": [
      3,
      20,
      25,
      30,
      34
    ],
    "back_numbers": [
      2,
      9
    ],
    "prize_pool": "1,153,487,670.37",
    "sales": "307,637,069",
    "first_prize_num": "2",
    "first_prize_amount": "10,000,000"
  },
  {
    "draw_num": "21143",
    "draw_date": "2021-12-13",
    "front_numbers": [
      9,
      17,
      19,
      29,
      34
    ],
    "back_numbers": [
      4,
      11
    ],
    "prize_pool": "1,104,620,668.10",
    "sales": "295,955,136",
    "first_prize_num": "11",
    "first_prize_amount": "7,088,508"
  },
  {
    "draw_num": "21142",
    "draw_date": "2021-12-11",
    "front_numbers": [
      11,
      13,
      17,
      19,
      25
    ],
    "back_numbers": [
      2,
      9
    ],
    "prize_pool": "1,152,884,152.84",
    "sales": "321,224,093",
    "first_prize_num": "6",
    "first_prize_amount": "10,000,000"
  },
  {
    "draw_num": "21141",
    "draw_date": "2021-12-08",
    "front_numbers": [
      2,
      8,
      16,
      29,
      34
    ],
    "back_numbers": [
      5,
      12
    ],
    "prize_pool": "1,157,697,510.70",
    "sales": "303,700,722",
    "first_prize_num": "3",
    "first_prize_amount": "10,000,000"
  },
  {
    "draw_num": "21140",
    "draw_date": "2021-12-06",
    "front_numbers": [
      5,
      24,
      26,
      33,
      35
    ],
    "back_numbers": [
      9,
      12
    ],
    "prize_pool": "1,116,819,863.25",
    "sales": "305,536,538",
    "first_prize_num": "2",
    "first_prize_amount": "10,000,000"
  },
  {
    "draw_num": "21139",
    "draw_date": "2021-12-04",
    "front_numbers": [
      5,
      13,
      18,
      23,
      34
    ],
    "back_numbers": [
      8,
      9
    ],
    "prize_pool": "1,083,766,581.13",
    "sales": "328,551,201",
    "first_prize_num": "29",
    "first_prize_amount": "5,837,260"
  },
  {
    "draw_num": "21138",
    "draw_date": "2021-12-01",
    "front_numbers": [
      9,
      11,
      12,
      15,
      31
    ],
    "back_numbers": [
      5,
      11
    ],
    "prize_pool": "1,273,167,982.95",
    "sales": "303,548,798",
    "first_prize_num": "4",
    "first_prize_amount": "10,000,000"
  },
  {
    "draw_num": "21137",
    "draw_date": "2021-11-29",
    "front_numbers": [
      2,
      7,
      13,
      14,
      19
    ],
    "back_numbers": [
      4,
      5
    ],
    "prize_pool": "1,263,704,189.15",
    "sales": "302,260,255",
    "first_prize_num": "7",
    "first_prize_amount": "8,951,971"
  },
  {
    "draw_num": "21136",
    "draw_date": "2021-11-27",
    "front_numbers": [
      8,
      12,
      19,
      27,
      33
    ],
    "back_numbers": [
      2,
      5
    ],
    "prize_pool": "1,292,130,528.96",
    "sales": "327,765,275",
    "first_prize_num": "2",
    "first_prize_amount": "10,000,000"
  },
  {
    "draw_num": "21135",
    "draw_date": "2021-11-24",
    "front_numbers": [
      4,
      7,
      17,
      29,
      31
    ],
    "back_numbers": [
      5,
      6
    ],
    "prize_pool": "1,262,006,660.75",
    "sales": "314,847,908",
    "first_prize_num": "4",
    "first_prize_amount": "10,000,000"
  },
  {
    "draw_num": "21134",
    "draw_date": "2021-11-22",
    "front_numbers": [
      2,
      6,
      14,
      19,
      28
    ],
    "back_numbers": [
      1,
      6
    ],
    "prize_pool": "1,248,689,538.91",
    "sales": "308,110,428",
    "first_prize_num": "4",
    "first_prize_amount": "10,000,000"
  },
  {
    "draw_num": "21133",
    "draw_date": "2021-11-20",
    "front_numbers": [
      8,
      9,
      17,
      26,
      28
    ],
    "back_numbers": [
      6,
      8
    ],
    "prize_pool": "1,243,590,906.93",
    "sales": "327,493,668",
    "first_prize_num": "13",
    "first_prize_amount": "6,695,515"
  },
  {
    "draw_num": "21132",
    "draw_date": "2021-11-17",
    "front_numbers": [
      4,
      21,
      28,
      29,
      33
    ],
    "back_numbers": [
      3,
      11
    ],
    "prize_pool": "1,318,930,415.88",
    "sales": "297,729,643",
    "first_prize_num": "10",
    "first_prize_amount": "7,538,023"
  },
  {
    "draw_num": "21131",
    "draw_date": "2021-11-15",
    "front_numbers": [
      6,
      8,
      16,
      34,
      35
    ],
    "back_numbers": [
      5,
      6
    ],
    "prize_pool": "1,360,443,412.46",
    "sales": "296,451,386",
    "first_prize_num": "2",
    "first_prize_amount": "10,000,000"
  },
  {
    "draw_num": "21130",
    "draw_date": "2021-11-13",
    "front_numbers": [
      2,
      3,
      14,
      27,
      28
    ],
    "back_numbers": [
      5,
      10
    ],
    "prize_pool": "1,329,267,789.03",
    "sales": "317,382,301",
    "first_prize_num": "14",
    "first_prize_amount": "7,136,788"
  },
  {
    "draw_num": "21129",
    "draw_date": "2021-11-10",
    "front_numbers": [
      2,
      16,
      17,
      18,
      34
    ],
    "back_numbers": [
      4,
      10
    ],
    "prize_pool": "1,403,814,394.73",
    "sales": "294,268,030",
    "first_prize_num": "0",
    "first_prize_amount": "---"
  },
  {
    "draw_num": "21128",
    "draw_date": "2021-11-08",
    "front_numbers": [
      14,
      17,
      18,
      23,
      27
    ],
    "back_numbers": [
      5,
      8
    ],
    "prize_pool": "1,337,287,551.46",
    "sales": "282,038,607",
    "first_prize_num": "9",
    "first_prize_amount": "7,655,899"
  },
  {
    "draw_num": "21127",
    "draw_date": "2021-11-06",
    "front_numbers": [
      1,
      2,
      15,
      17,
      26
    ],
    "back_numbers": [
      2,
      11
    ],
    "prize_pool": "1,374,522,133.98",
    "sales": "305,525,077",
    "first_prize_num": "3",
    "first_prize_amount": "10,000,000"
  },
  {
    "draw_num": "21126",
    "draw_date": "2021-11-03",
    "front_numbers": [
      1,
      11,
      12,
      34,
      35
    ],
    "back_numbers": [
      9,
      12
    ],
    "prize_pool": "1,337,033,731.65",
    "sales": "289,363,128",
    "first_prize_num": "2",
    "first_prize_amount": "10,000,000"
  },
  {
    "draw_num": "21125",
    "draw_date": "2021-11-01",
    "front_numbers": [
      17,
      19,
      21,
      27,
      31
    ],
    "back_numbers": [
      4,
      9
    ],
    "prize_pool": "1,288,689,189.63",
    "sales": "285,946,298",
    "first_prize_num": "1",
    "first_prize_amount": "10,000,000"
  },
  {
    "draw_num": "21124",
    "draw_date": "2021-10-30",
    "front_numbers": [
      10,
      17,
      22,
      25,
      35
    ],
    "back_numbers": [
      7,
      9
    ],
    "prize_pool": "1,239,396,849.23",
    "sales": "314,165,395",
    "first_prize_num": "3",
    "first_prize_amount": "10,000,000"
  },
  {
    "draw_num": "21123",
    "draw_date": "2021-10-27",
    "front_numbers": [
      8,
      23,
      26,
      27,
      33
    ],
    "back_numbers": [
      8,
      9
    ],
    "prize_pool": "1,210,823,709.96",
    "sales": "296,213,304",
    "first_prize_num": "3",
    "first_prize_amount": "10,000,000"
  },
  {
    "draw_num": "21122",
    "draw_date": "2021-10-25",
    "front_numbers": [
      14,
      15,
      26,
      27,
      29
    ],
    "back_numbers": [
      4,
      5
    ],
    "prize_pool": "1,186,675,748.27",
    "sales": "294,005,109",
    "first_prize_num": "2",
    "first_prize_amount": "10,000,000"
  },
  {
    "draw_num": "21121",
    "draw_date": "2021-10-23",
    "front_numbers": [
      2,
      15,
      19,
      29,
      30
    ],
    "back_numbers": [
      2,
      9
    ],
    "prize_pool": "1,146,249,375.71",
    "sales": "313,275,937",
    "first_prize_num": "3",
    "first_prize_amount": "10,000,000"
  },
  {
    "draw_num": "21120",
    "draw_date": "2021-10-20",
    "front_numbers": [
      5,
      10,
      21,
      25,
      31
    ],
    "back_numbers": [
      5,
      11
    ],
    "prize_pool": "1,120,909,519.29",
    "sales": "285,711,031",
    "first_prize_num": "10",
    "first_prize_amount": "8,314,748"
  },
  {
    "draw_num": "21119",
    "draw_date": "2021-10-18",
    "front_numbers": [
      1,
      2,
      9,
      16,
      30
    ],
    "back_numbers": [
      9,
      10
    ],
    "prize_pool": "1,157,376,911.64",
    "sales": "290,165,267",
    "first_prize_num": "4",
    "first_prize_amount": "10,000,000"
  },
  {
    "draw_num": "21118",
    "draw_date": "2021-10-16",
    "front_numbers": [
      14,
      17,
      18,
      28,
      34
    ],
    "back_numbers": [
      2,
      3
    ],
    "prize_pool": "1,146,057,645.59",
    "sales": "302,397,723",
    "first_prize_num": "4",
    "first_prize_amount": "10,000,000"
  },
  {
    "draw_num": "21117",
    "draw_date": "2021-10-13",
    "front_numbers": [
      11,
      18,
      21,
      22,
      33
    ],
    "back_numbers": [
      5,
      6
    ],
    "prize_pool": "1,124,390,424.96",
    "sales": "279,505,700",
    "first_prize_num": "8",
    "first_prize_amount": "8,355,835"
  },
  {
    "draw_num": "21116",
    "draw_date": "2021-10-11",
    "front_numbers": [
      4,
      25,
      28,
      29,
      35
    ],
    "back_numbers": [
      3,
      11
    ],
    "prize_pool": "1,151,852,869.52",
    "sales": "279,695,241",
    "first_prize_num": "2",
    "first_prize_amount": "10,000,000"
  },
  {
    "draw_num": "21115",
    "draw_date": "2021-10-09",
    "front_numbers": [
      8,
      13,
      19,
      20,
      29
    ],
    "back_numbers": [
      6,
      10
    ],
    "prize_pool": "1,111,593,015.51",
    "sales": "299,770,302",
    "first_prize_num": "2",
    "first_prize_amount": "10,000,000"
  },
  {
    "draw_num": "21114",
    "draw_date": "2021-10-06",
    "front_numbers": [
      8,
      9,
      13,
      29,
      30
    ],
    "back_numbers": [
      1,
      11
    ],
    "prize_pool": "1,081,182,210.09",
    "sales": "283,727,610",
    "first_prize_num": "1",
    "first_prize_amount": "10,000,000"
  },
  {
    "draw_num": "21113",
    "draw_date": "2021-09-29",
    "front_numbers": [
      17,
      18,
      25,
      27,
      28
    ],
    "back_numbers": [
      4,
      8
    ],
    "prize_pool": "1,035,393,331.05",
    "sales": "283,440,028",
    "first_prize_num": "6",
    "first_prize_amount": "9,008,492"
  },
  {
    "draw_num": "21112",
    "draw_date": "2021-09-27",
    "front_numbers": [
      18,
      21,
      22,
      23,
      35
    ],
    "back_numbers": [
      11,
      12
    ],
    "prize_pool": "1,058,537,381.01",
    "sales": "283,298,709",
    "first_prize_num": "1",
    "first_prize_amount": "10,000,000"
  },
  {
    "draw_num": "21111",
    "draw_date": "2021-09-25",
    "front_numbers": [
      7,
      8,
      15,
      19,
      28
    ],
    "back_numbers": [
      8,
      9
    ],
    "prize_pool": "995,038,782.53",
    "sales": "305,345,840",
    "first_prize_num": "12",
    "first_prize_amount": "7,142,456"
  },
  {
    "draw_num": "21110",
    "draw_date": "2021-09-22",
    "front_numbers": [
      11,
      14,
      29,
      31,
      32
    ],
    "back_numbers": [
      11,
      12
    ],
    "prize_pool": "1,046,721,833.88",
    "sales": "276,544,919",
    "first_prize_num": "6",
    "first_prize_amount": "9,131,551"
  },
  {
    "draw_num": "21109",
    "draw_date": "2021-09-20",
    "front_numbers": [
      3,
      4,
      7,
      27,
      31
    ],
    "back_numbers": [
      6,
      9
    ],
    "prize_pool": "1,073,585,145.39",
    "sales": "265,547,489",
    "first_prize_num": "4",
    "first_prize_amount": "10,000,000"
  },
  {
    "draw_num": "21108",
    "draw_date": "2021-09-18",
    "front_numbers": [
      5,
      19,
      22,
      26,
      35
    ],
    "back_numbers": [
      2,
      6
    ],
    "prize_pool": "1,069,829,501.49",
    "sales": "303,354,020",
    "first_prize_num": "8",
    "first_prize_amount": "8,614,284"
  },
  {
    "draw_num": "21107",
    "draw_date": "2021-09-15",
    "front_numbers": [
      3,
      5,
      13,
      20,
      25
    ],
    "back_numbers": [
      7,
      11
    ],
    "prize_pool": "1,105,541,509.15",
    "sales": "281,751,709",
    "first_prize_num": "9",
    "first_prize_amount": "7,946,101"
  },
  {
    "draw_num": "21106",
    "draw_date": "2021-09-13",
    "front_numbers": [
      2,
      13,
      14,
      32,
      34
    ],
    "back_numbers": [
      2,
      12
    ],
    "prize_pool": "1,149,093,887.88",
    "sales": "276,794,901",
    "first_prize_num": "0",
    "first_prize_amount": "---"
  },
  {
    "draw_num": "21105",
    "draw_date": "2021-09-11",
    "front_numbers": [
      7,
      10,
      11,
      17,
      18
    ],
    "back_numbers": [
      4,
      9
    ],
    "prize_pool": "1,087,468,356.52",
    "sales": "304,015,740",
    "first_prize_num": "4",
    "first_prize_amount": "10,000,000"
  },
  {
    "draw_num": "21104",
    "draw_date": "2021-09-08",
    "front_numbers": [
      23,
      25,
      26,
      30,
      33
    ],
    "back_numbers": [
      3,
      11
    ],
    "prize_pool": "1,086,226,837.49",
    "sales": "286,479,253",
    "first_prize_num": "2",
    "first_prize_amount": "10,000,000"
  },
  {
    "draw_num": "21103",
    "draw_date": "2021-09-06",
    "front_numbers": [
      4,
      10,
      23,
      30,
      31
    ],
    "back_numbers": [
      5,
      11
    ],
    "prize_pool": "1,037,062,397.49",
    "sales": "282,429,778",
    "first_prize_num": "1",
    "first_prize_amount": "10,000,000"
  },
  {
    "draw_num": "21102",
    "draw_date": "2021-09-04",
    "front_numbers": [
      2,
      8,
      11,
      16,
      23
    ],
    "back_numbers": [
      2,
      7
    ],
    "prize_pool": "982,320,278.84",
    "sales": "305,869,819",
    "first_prize_num": "13",
    "first_prize_amount": "7,523,067"
  },
  {
    "draw_num": "21101",
    "draw_date": "2021-09-01",
    "front_numbers": [
      13,
      18,
      19,
      27,
      32
    ],
    "back_numbers": [
      6,
      11
    ],
    "prize_pool": "1,043,300,674.47",
    "sales": "281,242,026",
    "first_prize_num": "6",
    "first_prize_amount": "9,675,934"
  },
  {
    "draw_num": "21100",
    "draw_date": "2021-08-30",
    "front_numbers": [
      7,
      11,
      23,
      26,
      28
    ],
    "back_numbers": [
      2,
      7
    ],
    "prize_pool": "1,059,494,717.70",
    "sales": "280,471,793",
    "first_prize_num": "3",
    "first_prize_amount": "10,000,000"
  },
  {
    "draw_num": "21099",
    "draw_date": "2021-08-28",
    "front_numbers": [
      15,
      19,
      27,
      28,
      30
    ],
    "back_numbers": [
      3,
      4
    ],
    "prize_pool": "1,062,893,864.62",
    "sales": "303,058,009",
    "first_prize_num": "1",
    "first_prize_amount": "10,000,000"
  },
  {
    "draw_num": "21098",
    "draw_date": "2021-08-25",
    "front_numbers": [
      2,
      7,
      21,
      27,
      33
    ],
    "back_numbers": [
      7,
      9
    ],
    "prize_pool": "1,007,650,453.08",
    "sales": "276,951,852",
    "first_prize_num": "2",
    "first_prize_amount": "10,000,000"
  },
  {
    "draw_num": "21097",
    "draw_date": "2021-08-23",
    "front_numbers": [
      11,
      26,
      30,
      31,
      33
    ],
    "back_numbers": [
      3,
      10
    ],
    "prize_pool": "975,519,759.75",
    "sales": "272,897,259",
    "first_prize_num": "1",
    "first_prize_amount": "10,000,000"
  },
  {
    "draw_num": "21096",
    "draw_date": "2021-08-21",
    "front_numbers": [
      7,
      8,
      10,
      20,
      21
    ],
    "back_numbers": [
      1,
      5
    ],
    "prize_pool": "927,073,812.26",
    "sales": "297,348,639",
    "first_prize_num": "10",
    "first_prize_amount": "8,465,507"
  },
  {
    "draw_num": "21095",
    "draw_date": "2021-08-18",
    "front_numbers": [
      10,
      15,
      19,
      20,
      30
    ],
    "back_numbers": [
      11,
      12
    ],
    "prize_pool": "962,561,875.79",
    "sales": "279,549,610",
    "first_prize_num": "2",
    "first_prize_amount": "10,000,000"
  },
  {
    "draw_num": "21094",
    "draw_date": "2021-08-16",
    "front_numbers": [
      5,
      6,
      24,
      27,
      33
    ],
    "back_numbers": [
      5,
      12
    ],
    "prize_pool": "931,384,310.15",
    "sales": "275,141,551",
    "first_prize_num": "6",
    "first_prize_amount": "9,900,472"
  },
  {
    "draw_num": "21093",
    "draw_date": "2021-08-14",
    "front_numbers": [
      20,
      25,
      27,
      28,
      31
    ],
    "back_numbers": [
      8,
      11
    ],
    "prize_pool": "948,527,899.75",
    "sales": "302,609,762",
    "first_prize_num": "2",
    "first_prize_amount": "10,000,000"
  },
  {
    "draw_num": "21092",
    "draw_date": "2021-08-11",
    "front_numbers": [
      12,
      14,
      27,
      28,
      34
    ],
    "back_numbers": [
      3,
      7
    ],
    "prize_pool": "907,549,564.31",
    "sales": "281,386,147",
    "first_prize_num": "2",
    "first_prize_amount": "10,000,000"
  },
  {
    "draw_num": "21091",
    "draw_date": "2021-08-09",
    "front_numbers": [
      1,
      4,
      10,
      21,
      29
    ],
    "back_numbers": [
      3,
      5
    ],
    "prize_pool": "877,764,456.13",
    "sales": "272,675,404",
    "first_prize_num": "5",
    "first_prize_amount": "10,000,000"
  },
  {
    "draw_num": "21090",
    "draw_date": "2021-08-07",
    "front_numbers": [
      6,
      7,
      19,
      26,
      32
    ],
    "back_numbers": [
      6,
      12
    ],
    "prize_pool": "880,472,277.72",
    "sales": "289,448,960",
    "first_prize_num": "2",
    "first_prize_amount": "10,000,000"
  },
  {
    "draw_num": "21089",
    "draw_date": "2021-08-04",
    "front_numbers": [
      1,
      17,
      24,
      28,
      35
    ],
    "back_numbers": [
      10,
      12
    ],
    "prize_pool": "851,200,235.11",
    "sales": "269,906,690",
    "first_prize_num": "3",
    "first_prize_amount": "10,000,000"
  },
  {
    "draw_num": "21088",
    "draw_date": "2021-08-02",
    "front_numbers": [
      2,
      14,
      31,
      34,
      35
    ],
    "back_numbers": [
      1,
      7
    ],
    "prize_pool": "822,562,305.49",
    "sales": "264,720,425",
    "first_prize_num": "2",
    "first_prize_amount": "9,148,546"
  },
  {
    "draw_num": "21087",
    "draw_date": "2021-07-31",
    "front_numbers": [
      10,
      14,
      15,
      25,
      28
    ],
    "back_numbers": [
      3,
      10
    ],
    "prize_pool": "797,251,485.10",
    "sales": "290,446,990",
    "first_prize_num": "6",
    "first_prize_amount": "9,400,653"
  },
  {
    "draw_num": "21086",
    "draw_date": "2021-07-28",
    "front_numbers": [
      2,
      3,
      7,
      16,
      17
    ],
    "back_numbers": [
      6,
      10
    ],
    "prize_pool": "822,607,828.27",
    "sales": "272,160,233",
    "first_prize_num": "1",
    "first_prize_amount": "10,000,000"
  },
  {
    "draw_num": "21085",
    "draw_date": "2021-07-26",
    "front_numbers": [
      1,
      12,
      15,
      26,
      35
    ],
    "back_numbers": [
      10,
      11
    ],
    "prize_pool": "775,634,441.02",
    "sales": "270,848,072",
    "first_prize_num": "6",
    "first_prize_amount": "7,421,868"
  },
  {
    "draw_num": "21084",
    "draw_date": "2021-07-24",
    "front_numbers": [
      2,
      10,
      14,
      30,
      33
    ],
    "back_numbers": [
      6,
      9
    ],
    "prize_pool": "763,493,931.86",
    "sales": "290,591,822",
    "first_prize_num": "6",
    "first_prize_amount": "6,943,989"
  },
  {
    "draw_num": "21083",
    "draw_date": "2021-07-21",
    "front_numbers": [
      7,
      9,
      11,
      26,
      35
    ],
    "back_numbers": [
      1,
      8
    ],
    "prize_pool": "759,158,453.25",
    "sales": "272,635,093",
    "first_prize_num": "6",
    "first_prize_amount": "7,329,020"
  },
  {
    "draw_num": "21082",
    "draw_date": "2021-07-19",
    "front_numbers": [
      1,
      14,
      22,
      29,
      33
    ],
    "back_numbers": [
      3,
      10
    ],
    "prize_pool": "747,230,175.62",
    "sales": "278,896,069",
    "first_prize_num": "11",
    "first_prize_amount": "7,463,880"
  },
  {
    "draw_num": "21081",
    "draw_date": "2021-07-17",
    "front_numbers": [
      5,
      13,
      24,
      29,
      35
    ],
    "back_numbers": [
      7,
      8
    ],
    "prize_pool": "807,325,943.55",
    "sales": "301,662,622",
    "first_prize_num": "2",
    "first_prize_amount": "10,000,000"
  },
  {
    "draw_num": "21080",
    "draw_date": "2021-07-14",
    "front_numbers": [
      15,
      16,
      20,
      29,
      30
    ],
    "back_numbers": [
      6,
      10
    ],
    "prize_pool": "767,631,447.82",
    "sales": "276,105,107",
    "first_prize_num": "8",
    "first_prize_amount": "8,006,507"
  },
  {
    "draw_num": "21079",
    "draw_date": "2021-07-12",
    "front_numbers": [
      6,
      14,
      19,
      26,
      33
    ],
    "back_numbers": [
      8,
      11
    ],
    "prize_pool": "802,121,550.54",
    "sales": "279,520,279",
    "first_prize_num": "6",
    "first_prize_amount": "9,906,345"
  },
  {
    "draw_num": "21078",
    "draw_date": "2021-07-10",
    "front_numbers": [
      2,
      8,
      17,
      19,
      25
    ],
    "back_numbers": [
      1,
      5
    ],
    "prize_pool": "821,042,099.26",
    "sales": "302,960,803",
    "first_prize_num": "3",
    "first_prize_amount": "9,605,842"
  },
  {
    "draw_num": "21077",
    "draw_date": "2021-07-07",
    "front_numbers": [
      2,
      6,
      9,
      21,
      25
    ],
    "back_numbers": [
      6,
      8
    ],
    "prize_pool": "789,285,714.35",
    "sales": "279,629,097",
    "first_prize_num": "4",
    "first_prize_amount": "7,575,647"
  },
  {
    "draw_num": "21076",
    "draw_date": "2021-07-05",
    "front_numbers": [
      6,
      13,
      22,
      25,
      26
    ],
    "back_numbers": [
      2,
      4
    ],
    "prize_pool": "775,457,206.18",
    "sales": "281,760,059",
    "first_prize_num": "2",
    "first_prize_amount": "9,596,268"
  },
  {
    "draw_num": "21075",
    "draw_date": "2021-07-03",
    "front_numbers": [
      6,
      14,
      15,
      17,
      20
    ],
    "back_numbers": [
      1,
      5
    ],
    "prize_pool": "752,135,503.11",
    "sales": "306,666,791",
    "first_prize_num": "2",
    "first_prize_amount": "10,000,000"
  },
  {
    "draw_num": "21074",
    "draw_date": "2021-06-30",
    "front_numbers": [
      11,
      14,
      18,
      20,
      25
    ],
    "back_numbers": [
      3,
      7
    ],
    "prize_pool": "700,603,888.99",
    "sales": "289,189,592",
    "first_prize_num": "1",
    "first_prize_amount": "10,000,000"
  },
  {
    "draw_num": "21073",
    "draw_date": "2021-06-28",
    "front_numbers": [
      8,
      12,
      14,
      20,
      24
    ],
    "back_numbers": [
      6,
      10
    ],
    "prize_pool": "657,298,888.03",
    "sales": "280,274,335",
    "first_prize_num": "2",
    "first_prize_amount": "10,000,000"
  },
  {
    "draw_num": "21072",
    "draw_date": "2021-06-26",
    "front_numbers": [
      2,
      3,
      15,
      22,
      26
    ],
    "back_numbers": [
      3,
      11
    ],
    "prize_pool": "627,008,381.09",
    "sales": "303,912,550",
    "first_prize_num": "3",
    "first_prize_amount": "9,518,742"
  },
  {
    "draw_num": "21071",
    "draw_date": "2021-06-23",
    "front_numbers": [
      8,
      11,
      16,
      29,
      35
    ],
    "back_numbers": [
      1,
      4
    ],
    "prize_pool": "596,211,840.48",
    "sales": "285,731,730",
    "first_prize_num": "9",
    "first_prize_amount": "6,287,890"
  },
  {
    "draw_num": "21070",
    "draw_date": "2021-06-21",
    "front_numbers": [
      3,
      20,
      21,
      22,
      24
    ],
    "back_numbers": [
      6,
      12
    ],
    "prize_pool": "612,658,365.61",
    "sales": "289,443,325",
    "first_prize_num": "1",
    "first_prize_amount": "10,000,000"
  },
  {
    "draw_num": "21069",
    "draw_date": "2021-06-19",
    "front_numbers": [
      1,
      3,
      24,
      32,
      33
    ],
    "back_numbers": [
      4,
      6
    ],
    "prize_pool": "554,239,484.49",
    "sales": "314,771,219",
    "first_prize_num": "4",
    "first_prize_amount": "8,622,290"
  },
  {
    "draw_num": "21068",
    "draw_date": "2021-06-16",
    "front_numbers": [
      2,
      20,
      21,
      26,
      30
    ],
    "back_numbers": [
      2,
      10
    ],
    "prize_pool": "527,817,203.45",
    "sales": "291,893,269",
    "first_prize_num": "13",
    "first_prize_amount": "6,004,435"
  },
  {
    "draw_num": "21067",
    "draw_date": "2021-06-14",
    "front_numbers": [
      1,
      4,
      22,
      23,
      34
    ],
    "back_numbers": [
      8,
      9
    ],
    "prize_pool": "558,289,398.40",
    "sales": "281,023,856",
    "first_prize_num": "1",
    "first_prize_amount": "10,000,000"
  },
  {
    "draw_num": "21066",
    "draw_date": "2021-06-12",
    "front_numbers": [
      24,
      26,
      29,
      34,
      35
    ],
    "back_numbers": [
      9,
      11
    ],
    "prize_pool": "506,581,578.84",
    "sales": "311,082,841",
    "first_prize_num": "12",
    "first_prize_amount": "5,981,636"
  },
  {
    "draw_num": "21065",
    "draw_date": "2021-06-09",
    "front_numbers": [
      23,
      25,
      30,
      31,
      35
    ],
    "back_numbers": [
      7,
      8
    ],
    "prize_pool": "539,311,034.33",
    "sales": "297,780,859",
    "first_prize_num": "6",
    "first_prize_amount": "6,498,494"
  },
  {
    "draw_num": "21064",
    "draw_date": "2021-06-07",
    "front_numbers": [
      1,
      17,
      19,
      32,
      34
    ],
    "back_numbers": [
      6,
      10
    ],
    "prize_pool": "546,378,196.50",
    "sales": "294,413,689",
    "first_prize_num": "2",
    "first_prize_amount": "10,000,000"
  },
  {
    "draw_num": "21063",
    "draw_date": "2021-06-05",
    "front_numbers": [
      5,
      9,
      14,
      29,
      30
    ],
    "back_numbers": [
      9,
      11
    ],
    "prize_pool": "500,754,392.06",
    "sales": "320,996,162",
    "first_prize_num": "9",
    "first_prize_amount": "6,029,136"
  },
  {
    "draw_num": "21062",
    "draw_date": "2021-06-02",
    "front_numbers": [
      4,
      6,
      23,
      32,
      34
    ],
    "back_numbers": [
      5,
      7
    ],
    "prize_pool": "525,343,538.12",
    "sales": "302,275,847",
    "first_prize_num": "5",
    "first_prize_amount": "8,059,793"
  },
  {
    "draw_num": "21061",
    "draw_date": "2021-05-31",
    "front_numbers": [
      15,
      19,
      20,
      26,
      32
    ],
    "back_numbers": [
      4,
      7
    ],
    "prize_pool": "502,877,803.60",
    "sales": "304,392,970",
    "first_prize_num": "7",
    "first_prize_amount": "6,484,687"
  },
  {
    "draw_num": "21060",
    "draw_date": "2021-05-29",
    "front_numbers": [
      9,
      13,
      25,
      31,
      33
    ],
    "back_numbers": [
      3,
      7
    ],
    "prize_pool": "509,405,220.73",
    "sales": "328,214,576",
    "first_prize_num": "8",
    "first_prize_amount": "5,714,074"
  },
  {
    "draw_num": "21059",
    "draw_date": "2021-05-26",
    "front_numbers": [
      4,
      16,
      27,
      28,
      35
    ],
    "back_numbers": [
      2,
      9
    ],
    "prize_pool": "542,212,080.83",
    "sales": "310,375,326",
    "first_prize_num": "12",
    "first_prize_amount": "5,810,333"
  },
  {
    "draw_num": "21058",
    "draw_date": "2021-05-24",
    "front_numbers": [
      13,
      15,
      17,
      23,
      34
    ],
    "back_numbers": [
      1,
      11
    ],
    "prize_pool": "584,612,592.08",
    "sales": "341,604,964",
    "first_prize_num": "2",
    "first_prize_amount": "10,000,000"
  },
  {
    "draw_num": "21057",
    "draw_date": "2021-05-22",
    "front_numbers": [
      5,
      7,
      19,
      20,
      28
    ],
    "back_numbers": [
      5,
      7
    ],
    "prize_pool": "527,921,742.44",
    "sales": "364,226,316",
    "first_prize_num": "39",
    "first_prize_amount": "5,176,735"
  },
  {
    "draw_num": "21056",
    "draw_date": "2021-05-19",
    "front_numbers": [
      3,
      11,
      16,
      21,
      26
    ],
    "back_numbers": [
      9,
      10
    ],
    "prize_pool": "789,092,339.63",
    "sales": "339,616,577",
    "first_prize_num": "9",
    "first_prize_amount": "8,577,701"
  },
  {
    "draw_num": "21055",
    "draw_date": "2021-05-17",
    "front_numbers": [
      3,
      6,
      10,
      11,
      24
    ],
    "back_numbers": [
      10,
      11
    ],
    "prize_pool": "832,841,055.27",
    "sales": "340,947,213",
    "first_prize_num": "5",
    "first_prize_amount": "10,000,000"
  },
  {
    "draw_num": "21054",
    "draw_date": "2021-05-15",
    "front_numbers": [
      3,
      6,
      17,
      20,
      25
    ],
    "back_numbers": [
      3,
      9
    ],
    "prize_pool": "830,717,938.76",
    "sales": "372,706,677",
    "first_prize_num": "5",
    "first_prize_amount": "10,000,000"
  },
  {
    "draw_num": "21053",
    "draw_date": "2021-05-12",
    "front_numbers": [
      3,
      6,
      15,
      17,
      35
    ],
    "back_numbers": [
      7,
      11
    ],
    "prize_pool": "804,585,433.31",
    "sales": "352,261,603",
    "first_prize_num": "5",
    "first_prize_amount": "7,659,176"
  },
  {
    "draw_num": "21052",
    "draw_date": "2021-05-10",
    "front_numbers": [
      2,
      11,
      13,
      14,
      30
    ],
    "back_numbers": [
      9,
      12
    ],
    "prize_pool": "786,688,797.44",
    "sales": "346,174,575",
    "first_prize_num": "6",
    "first_prize_amount": "8,348,700"
  },
  {
    "draw_num": "21051",
    "draw_date": "2021-05-08",
    "front_numbers": [
      1,
      4,
      14,
      16,
      19
    ],
    "back_numbers": [
      3,
      4
    ],
    "prize_pool": "758,421,416.42",
    "sales": "378,483,472",
    "first_prize_num": "9",
    "first_prize_amount": "6,297,261"
  },
  {
    "draw_num": "21050",
    "draw_date": "2021-05-05",
    "front_numbers": [
      9,
      22,
      32,
      33,
      35
    ],
    "back_numbers": [
      5,
      10
    ],
    "prize_pool": "776,495,377.98",
    "sales": "332,629,347",
    "first_prize_num": "7",
    "first_prize_amount": "9,324,231"
  },
  {
    "draw_num": "21049",
    "draw_date": "2021-05-03",
    "front_numbers": [
      1,
      10,
      22,
      23,
      25
    ],
    "back_numbers": [
      2,
      12
    ],
    "prize_pool": "804,858,111.37",
    "sales": "318,983,261",
    "first_prize_num": "2",
    "first_prize_amount": "10,000,000"
  },
  {
    "draw_num": "21048",
    "draw_date": "2021-05-01",
    "front_numbers": [
      4,
      7,
      17,
      21,
      27
    ],
    "back_numbers": [
      10,
      12
    ],
    "prize_pool": "743,586,048.12",
    "sales": "361,695,321",
    "first_prize_num": "11",
    "first_prize_amount": "7,492,512"
  },
  {
    "draw_num": "21047",
    "draw_date": "2021-04-28",
    "front_numbers": [
      1,
      6,
      9,
      25,
      33
    ],
    "back_numbers": [
      4,
      8
    ],
    "prize_pool": "812,065,710.28",
    "sales": "361,812,479",
    "first_prize_num": "2",
    "first_prize_amount": "10,000,000"
  },
  {
    "draw_num": "21046",
    "draw_date": "2021-04-26",
    "front_numbers": [
      6,
      8,
      12,
      14,
      18
    ],
    "back_numbers": [
      6,
      8
    ],
    "prize_pool": "748,366,613.41",
    "sales": "359,217,248",
    "first_prize_num": "12",
    "first_prize_amount": "5,909,252"
  },
  {
    "draw_num": "21045",
    "draw_date": "2021-04-24",
    "front_numbers": [
      1,
      4,
      6,
      11,
      19
    ],
    "back_numbers": [
      7,
      9
    ],
    "prize_pool": "786,177,311.03",
    "sales": "393,747,066",
    "first_prize_num": "3",
    "first_prize_amount": "9,103,239"
  }
]