{
  "fetch_time": "2025-04-18 22:23:27",
  "total_periods": 100,
  "data": [
    {
      "draw_num": "25041",
      "draw_date": "2025-04-16",
      "front_numbers": [
        3,
        4,
        21,
        22,
        27
      ],
      "back_numbers": [
        5,
        11
      ],
      "prize_pool": "1,110,680,827.71",
      "sales": "372,136,085",
      "first_prize_num": "8",
      "first_prize_amount": "8,448,564"
    },
    {
      "draw_num": "25040",
      "draw_date": "2025-04-14",
      "front_numbers": [
        2,
        8,
        16,
        31,
        32
      ],
      "back_numbers": [
        4,
        12
      ],
      "prize_pool": "1,147,506,477.45",
      "sales": "365,388,846",
      "first_prize_num": "4",
      "first_prize_amount": "10,000,000"
    },
    {
      "draw_num": "25039",
      "draw_date": "2025-04-12",
      "front_numbers": [
        3,
        7,
        14,
        15,
        19
      ],
      "back_numbers": [
        6,
        10
      ],
      "prize_pool": "1,128,975,871.01",
      "sales": "380,283,087",
      "first_prize_num": "4",
      "first_prize_amount": "10,000,000"
    },
    {
      "draw_num": "25038",
      "draw_date": "2025-04-09",
      "front_numbers": [
        7,
        8,
        20,
        26,
        34
      ],
      "back_numbers": [
        8,
        9
      ],
      "prize_pool": "1,098,668,135.56",
      "sales": "367,355,129",
      "first_prize_num": "4",
      "first_prize_amount": "10,000,000"
    },
    {
      "draw_num": "25037",
      "draw_date": "2025-04-07",
      "front_numbers": [
        5,
        20,
        23,
        27,
        31
      ],
      "back_numbers": [
        4,
        6
      ],
      "prize_pool": "1,078,059,212.16",
      "sales": "302,429,281",
      "first_prize_num": "3",
      "first_prize_amount": "10,000,000"
    },
    {
      "draw_num": "25036",
      "draw_date": "2025-04-05",
      "front_numbers": [
        4,
        7,
        13,
        27,
        30
      ],
      "back_numbers": [
        2,
        6
      ],
      "prize_pool": "1,044,099,471.36",
      "sales": "303,323,074",
      "first_prize_num": "4",
      "first_prize_amount": "10,000,000"
    },
    {
      "draw_num": "25035",
      "draw_date": "2025-04-02",
      "front_numbers": [
        22,
        25,
        28,
        29,
        30
      ],
      "back_numbers": [
        4,
        8
      ],
      "prize_pool": "1,034,539,140.28",
      "sales": "290,834,566",
      "first_prize_num": "6",
      "first_prize_amount": "10,000,000"
    },
    {
      "draw_num": "25034",
      "draw_date": "2025-03-31",
      "front_numbers": [
        4,
        15,
        22,
        28,
        33
      ],
      "back_numbers": [
        6,
        8
      ],
      "prize_pool": "1,046,884,586.45",
      "sales": "291,102,580",
      "first_prize_num": "12",
      "first_prize_amount": "6,578,028"
    },
    {
      "draw_num": "25033",
      "draw_date": "2025-03-29",
      "front_numbers": [
        1,
        2,
        8,
        10,
        33
      ],
      "back_numbers": [
        10,
        12
      ],
      "prize_pool": "1,132,503,712.27",
      "sales": "312,033,249",
      "first_prize_num": "3",
      "first_prize_amount": "10,000,000"
    },
    {
      "draw_num": "25032",
      "draw_date": "2025-03-26",
      "front_numbers": [
        12,
        22,
        25,
        27,
        28
      ],
      "back_numbers": [
        1,
        2
      ],
      "prize_pool": "1,094,382,586.20",
      "sales": "303,333,312",
      "first_prize_num": "0",
      "first_prize_amount": "---"
    },
    {
      "draw_num": "25031",
      "draw_date": "2025-03-24",
      "front_numbers": [
        14,
        18,
        20,
        25,
        35
      ],
      "back_numbers": [
        1,
        7
      ],
      "prize_pool": "1,024,377,872.55",
      "sales": "311,643,171",
      "first_prize_num": "4",
      "first_prize_amount": "10,000,000"
    },
    {
      "draw_num": "25030",
      "draw_date": "2025-03-22",
      "front_numbers": [
        3,
        9,
        14,
        24,
        28
      ],
      "back_numbers": [
        6,
        7
      ],
      "prize_pool": "995,094,280.09",
      "sales": "338,162,194",
      "first_prize_num": "9",
      "first_prize_amount": "7,699,188"
    },
    {
      "draw_num": "25029",
      "draw_date": "2025-03-19",
      "front_numbers": [
        5,
        9,
        26,
        31,
        33
      ],
      "back_numbers": [
        3,
        10
      ],
      "prize_pool": "1,043,234,947.87",
      "sales": "314,474,524",
      "first_prize_num": "2",
      "first_prize_amount": "10,000,000"
    },
    {
      "draw_num": "25028",
      "draw_date": "2025-03-17",
      "front_numbers": [
        6,
        8,
        20,
        25,
        29
      ],
      "back_numbers": [
        3,
        7
      ],
      "prize_pool": "1,006,966,152.10",
      "sales": "313,737,340",
      "first_prize_num": "7",
      "first_prize_amount": "8,904,156"
    },
    {
      "draw_num": "25027",
      "draw_date": "2025-03-15",
      "front_numbers": [
        3,
        6,
        11,
        13,
        20
      ],
      "back_numbers": [
        1,
        11
      ],
      "prize_pool": "1,035,665,607.65",
      "sales": "333,487,900",
      "first_prize_num": "8",
      "first_prize_amount": "10,000,000"
    },
    {
      "draw_num": "25026",
      "draw_date": "2025-03-12",
      "front_numbers": [
        2,
        3,
        7,
        17,
        30
      ],
      "back_numbers": [
        1,
        9
      ],
      "prize_pool": "1,039,296,516.67",
      "sales": "313,696,373",
      "first_prize_num": "1",
      "first_prize_amount": "10,000,000"
    },
    {
      "draw_num": "25025",
      "draw_date": "2025-03-10",
      "front_numbers": [
        3,
        6,
        8,
        10,
        25
      ],
      "back_numbers": [
        3,
        7
      ],
      "prize_pool": "993,864,523.61",
      "sales": "313,678,335",
      "first_prize_num": "7",
      "first_prize_amount": "7,559,158"
    },
    {
      "draw_num": "25024",
      "draw_date": "2025-03-08",
      "front_numbers": [
        6,
        12,
        13,
        16,
        23
      ],
      "back_numbers": [
        5,
        8
      ],
      "prize_pool": "1,035,953,603.25",
      "sales": "331,854,703",
      "first_prize_num": "14",
      "first_prize_amount": "6,364,847"
    },
    {
      "draw_num": "25023",
      "draw_date": "2025-03-05",
      "front_numbers": [
        10,
        20,
        22,
        24,
        25
      ],
      "back_numbers": [
        9,
        12
      ],
      "prize_pool": "1,115,584,483.60",
      "sales": "302,766,777",
      "first_prize_num": "4",
      "first_prize_amount": "10,000,000"
    },
    {
      "draw_num": "25022",
      "draw_date": "2025-03-03",
      "front_numbers": [
        1,
        11,
        13,
        27,
        29
      ],
      "back_numbers": [
        4,
        10
      ],
      "prize_pool": "1,103,298,037.53",
      "sales": "298,217,183",
      "first_prize_num": "7",
      "first_prize_amount": "9,280,845"
    },
    {
      "draw_num": "25021",
      "draw_date": "2025-03-01",
      "front_numbers": [
        10,
        18,
        25,
        30,
        35
      ],
      "back_numbers": [
        3,
        12
      ],
      "prize_pool": "1,123,599,303.02",
      "sales": "335,200,766",
      "first_prize_num": "7",
      "first_prize_amount": "10,000,000"
    },
    {
      "draw_num": "25020",
      "draw_date": "2025-02-26",
      "front_numbers": [
        1,
        9,
        12,
        22,
        29
      ],
      "back_numbers": [
        5,
        9
      ],
      "prize_pool": "1,132,471,892.25",
      "sales": "300,087,089",
      "first_prize_num": "8",
      "first_prize_amount": "8,494,966"
    },
    {
      "draw_num": "25019",
      "draw_date": "2025-02-24",
      "front_numbers": [
        7,
        8,
        11,
        18,
        23
      ],
      "back_numbers": [
        3,
        11
      ],
      "prize_pool": "1,159,248,699.24",
      "sales": "296,357,549",
      "first_prize_num": "7",
      "first_prize_amount": "8,207,321"
    },
    {
      "draw_num": "25018",
      "draw_date": "2025-02-22",
      "front_numbers": [
        1,
        7,
        9,
        20,
        28
      ],
      "back_numbers": [
        1,
        4
      ],
      "prize_pool": "1,191,928,481.52",
      "sales": "314,802,603",
      "first_prize_num": "16",
      "first_prize_amount": "7,273,028"
    },
    {
      "draw_num": "25017",
      "draw_date": "2025-02-19",
      "front_numbers": [
        10,
        12,
        26,
        28,
        31
      ],
      "back_numbers": [
        3,
        10
      ],
      "prize_pool": "1,260,507,193.99",
      "sales": "288,044,955",
      "first_prize_num": "1",
      "first_prize_amount": "10,000,000"
    },
    {
      "draw_num": "25016",
      "draw_date": "2025-02-17",
      "front_numbers": [
        5,
        7,
        12,
        20,
        29
      ],
      "back_numbers": [
        8,
        12
      ],
      "prize_pool": "1,212,239,218.29",
      "sales": "288,272,949",
      "first_prize_num": "12",
      "first_prize_amount": "6,900,770"
    },
    {
      "draw_num": "25015",
      "draw_date": "2025-02-15",
      "front_numbers": [
        7,
        10,
        24,
        31,
        35
      ],
      "back_numbers": [
        1,
        8
      ],
      "prize_pool": "1,290,950,588.69",
      "sales": "314,676,590",
      "first_prize_num": "4",
      "first_prize_amount": "10,000,000"
    },
    {
      "draw_num": "25014",
      "draw_date": "2025-02-12",
      "front_numbers": [
        5,
        19,
        22,
        29,
        35
      ],
      "back_numbers": [
        2,
        10
      ],
      "prize_pool": "1,278,086,019.59",
      "sales": "289,867,311",
      "first_prize_num": "4",
      "first_prize_amount": "10,000,000"
    },
    {
      "draw_num": "25013",
      "draw_date": "2025-02-10",
      "front_numbers": [
        14,
        16,
        18,
        20,
        35
      ],
      "back_numbers": [
        2,
        5
      ],
      "prize_pool": "1,260,404,089.53",
      "sales": "289,136,668",
      "first_prize_num": "5",
      "first_prize_amount": "10,000,000"
    },
    {
      "draw_num": "25012",
      "draw_date": "2025-02-08",
      "front_numbers": [
        2,
        18,
        19,
        21,
        25
      ],
      "back_numbers": [
        2,
        11
      ],
      "prize_pool": "1,240,397,718.82",
      "sales": "358,739,098",
      "first_prize_num": "2",
      "first_prize_amount": "10,000,000"
    },
    {
      "draw_num": "25011",
      "draw_date": "2025-01-25",
      "front_numbers": [
        3,
        6,
        7,
        11,
        27
      ],
      "back_numbers": [
        2,
        8
      ],
      "prize_pool": "1,183,329,141.76",
      "sales": "373,437,138",
      "first_prize_num": "5",
      "first_prize_amount": "9,667,253"
    },
    {
      "draw_num": "25010",
      "draw_date": "2025-01-22",
      "front_numbers": [
        5,
        21,
        28,
        30,
        32
      ],
      "back_numbers": [
        7,
        12
      ],
      "prize_pool": "1,197,169,901.83",
      "sales": "314,170,042",
      "first_prize_num": "6",
      "first_prize_amount": "10,000,000"
    },
    {
      "draw_num": "25009",
      "draw_date": "2025-01-20",
      "front_numbers": [
        3,
        19,
        21,
        30,
        32
      ],
      "back_numbers": [
        6,
        9
      ],
      "prize_pool": "1,207,630,140.08",
      "sales": "308,814,993",
      "first_prize_num": "5",
      "first_prize_amount": "10,000,000"
    },
    {
      "draw_num": "25008",
      "draw_date": "2025-01-18",
      "front_numbers": [
        1,
        5,
        7,
        13,
        35
      ],
      "back_numbers": [
        5,
        12
      ],
      "prize_pool": "1,208,994,728.86",
      "sales": "336,989,378",
      "first_prize_num": "7",
      "first_prize_amount": "10,000,000"
    },
    {
      "draw_num": "25007",
      "draw_date": "2025-01-15",
      "front_numbers": [
        15,
        22,
        23,
        25,
        31
      ],
      "back_numbers": [
        1,
        9
      ],
      "prize_pool": "1,221,403,982.49",
      "sales": "311,942,681",
      "first_prize_num": "1",
      "first_prize_amount": "10,000,000"
    },
    {
      "draw_num": "25006",
      "draw_date": "2025-01-13",
      "front_numbers": [
        3,
        4,
        13,
        19,
        35
      ],
      "back_numbers": [
        3,
        10
      ],
      "prize_pool": "1,157,222,668.51",
      "sales": "315,397,229",
      "first_prize_num": "4",
      "first_prize_amount": "10,000,000"
    },
    {
      "draw_num": "25005",
      "draw_date": "2025-01-11",
      "front_numbers": [
        5,
        6,
        8,
        31,
        32
      ],
      "back_numbers": [
        9,
        11
      ],
      "prize_pool": "1,135,025,880.19",
      "sales": "313,119,385",
      "first_prize_num": "4",
      "first_prize_amount": "9,839,697"
    },
    {
      "draw_num": "25004",
      "draw_date": "2025-01-08",
      "front_numbers": [
        2,
        5,
        9,
        13,
        33
      ],
      "back_numbers": [
        1,
        7
      ],
      "prize_pool": "1,149,680,405.57",
      "sales": "294,103,605",
      "first_prize_num": "3",
      "first_prize_amount": "10,000,000"
    },
    {
      "draw_num": "25003",
      "draw_date": "2025-01-06",
      "front_numbers": [
        10,
        25,
        30,
        32,
        34
      ],
      "back_numbers": [
        4,
        10
      ],
      "prize_pool": "1,125,887,685.14",
      "sales": "302,634,553",
      "first_prize_num": "1",
      "first_prize_amount": "10,000,000"
    },
    {
      "draw_num": "25002",
      "draw_date": "2025-01-04",
      "front_numbers": [
        19,
        21,
        22,
        28,
        32
      ],
      "back_numbers": [
        6,
        9
      ],
      "prize_pool": "1,059,802,299.68",
      "sales": "328,380,460",
      "first_prize_num": "7",
      "first_prize_amount": "8,977,032"
    },
    {
      "draw_num": "25001",
      "draw_date": "2025-01-01",
      "front_numbers": [
        5,
        8,
        16,
        17,
        27
      ],
      "back_numbers": [
        4,
        7
      ],
      "prize_pool": "1,083,648,909.37",
      "sales": "300,925,149",
      "first_prize_num": "12",
      "first_prize_amount": "7,654,708"
    },
    {
      "draw_num": "24152",
      "draw_date": "2024-12-30",
      "front_numbers": [
        1,
        2,
        7,
        8,
        31
      ],
      "back_numbers": [
        2,
        10
      ],
      "prize_pool": "1,125,809,265.73",
      "sales": "303,398,169",
      "first_prize_num": "3",
      "first_prize_amount": "10,000,000"
    },
    {
      "draw_num": "24151",
      "draw_date": "2024-12-28",
      "front_numbers": [
        5,
        12,
        17,
        19,
        35
      ],
      "back_numbers": [
        10,
        11
      ],
      "prize_pool": "1,100,535,289.14",
      "sales": "315,044,922",
      "first_prize_num": "5",
      "first_prize_amount": "10,000,000"
    },
    {
      "draw_num": "24150",
      "draw_date": "2024-12-25",
      "front_numbers": [
        4,
        11,
        23,
        25,
        34
      ],
      "back_numbers": [
        5,
        7
      ],
      "prize_pool": "1,082,499,928.15",
      "sales": "294,938,543",
      "first_prize_num": "2",
      "first_prize_amount": "10,000,000"
    },
    {
      "draw_num": "24149",
      "draw_date": "2024-12-23",
      "front_numbers": [
        2,
        5,
        16,
        18,
        22
      ],
      "back_numbers": [
        7,
        9
      ],
      "prize_pool": "1,046,459,747.02",
      "sales": "293,475,449",
      "first_prize_num": "3",
      "first_prize_amount": "10,000,000"
    },
    {
      "draw_num": "24148",
      "draw_date": "2024-12-21",
      "front_numbers": [
        6,
        9,
        20,
        32,
        35
      ],
      "back_numbers": [
        8,
        11
      ],
      "prize_pool": "1,027,404,435.51",
      "sales": "319,089,575",
      "first_prize_num": "2",
      "first_prize_amount": "10,000,000"
    },
    {
      "draw_num": "24147",
      "draw_date": "2024-12-18",
      "front_numbers": [
        12,
        18,
        21,
        22,
        31
      ],
      "back_numbers": [
        1,
        7
      ],
      "prize_pool": "981,658,901.04",
      "sales": "297,698,975",
      "first_prize_num": "0",
      "first_prize_amount": "---"
    },
    {
      "draw_num": "24146",
      "draw_date": "2024-12-16",
      "front_numbers": [
        5,
        20,
        21,
        22,
        32
      ],
      "back_numbers": [
        3,
        4
      ],
      "prize_pool": "912,659,139.49",
      "sales": "296,215,559",
      "first_prize_num": "6",
      "first_prize_amount": "9,555,674"
    },
    {
      "draw_num": "24145",
      "draw_date": "2024-12-14",
      "front_numbers": [
        1,
        6,
        9,
        22,
        24
      ],
      "back_numbers": [
        1,
        3
      ],
      "prize_pool": "931,270,188.40",
      "sales": "320,626,163",
      "first_prize_num": "4",
      "first_prize_amount": "10,000,000"
    },
    {
      "draw_num": "24144",
      "draw_date": "2024-12-11",
      "front_numbers": [
        6,
        7,
        8,
        21,
        30
      ],
      "back_numbers": [
        1,
        5
      ],
      "prize_pool": "901,592,546.70",
      "sales": "298,735,511",
      "first_prize_num": "4",
      "first_prize_amount": "10,000,000"
    },
    {
      "draw_num": "24143",
      "draw_date": "2024-12-09",
      "front_numbers": [
        16,
        20,
        22,
        24,
        31
      ],
      "back_numbers": [
        4,
        5
      ],
      "prize_pool": "887,487,585.30",
      "sales": "299,228,472",
      "first_prize_num": "6",
      "first_prize_amount": "9,370,240"
    },
    {
      "draw_num": "24142",
      "draw_date": "2024-12-07",
      "front_numbers": [
        8,
        21,
        24,
        33,
        34
      ],
      "back_numbers": [
        3,
        10
      ],
      "prize_pool": "908,929,975.14",
      "sales": "327,282,822",
      "first_prize_num": "13",
      "first_prize_amount": "6,849,783"
    },
    {
      "draw_num": "24141",
      "draw_date": "2024-12-04",
      "front_numbers": [
        2,
        6,
        7,
        16,
        20
      ],
      "back_numbers": [
        2,
        11
      ],
      "prize_pool": "966,806,148.16",
      "sales": "302,351,348",
      "first_prize_num": "7",
      "first_prize_amount": "8,545,200"
    },
    {
      "draw_num": "24140",
      "draw_date": "2024-12-02",
      "front_numbers": [
        3,
        6,
        15,
        23,
        31
      ],
      "back_numbers": [
        1,
        12
      ],
      "prize_pool": "992,732,460.61",
      "sales": "313,586,274",
      "first_prize_num": "4",
      "first_prize_amount": "10,000,000"
    },
    {
      "draw_num": "24139",
      "draw_date": "2024-11-30",
      "front_numbers": [
        5,
        12,
        20,
        23,
        24
      ],
      "back_numbers": [
        5,
        7
      ],
      "prize_pool": "965,113,949.19",
      "sales": "346,398,503",
      "first_prize_num": "9",
      "first_prize_amount": "8,236,640"
    },
    {
      "draw_num": "24138",
      "draw_date": "2024-11-27",
      "front_numbers": [
        5,
        17,
        20,
        28,
        34
      ],
      "back_numbers": [
        4,
        9
      ],
      "prize_pool": "1,009,101,191.78",
      "sales": "314,640,260",
      "first_prize_num": "3",
      "first_prize_amount": "10,000,000"
    },
    {
      "draw_num": "24137",
      "draw_date": "2024-11-25",
      "front_numbers": [
        8,
        15,
        16,
        17,
        21
      ],
      "back_numbers": [
        2,
        5
      ],
      "prize_pool": "987,311,038.71",
      "sales": "314,223,012",
      "first_prize_num": "3",
      "first_prize_amount": "10,000,000"
    },
    {
      "draw_num": "24136",
      "draw_date": "2024-11-23",
      "front_numbers": [
        1,
        17,
        20,
        29,
        34
      ],
      "back_numbers": [
        7,
        8
      ],
      "prize_pool": "975,020,596.72",
      "sales": "339,548,742",
      "first_prize_num": "1",
      "first_prize_amount": "10,000,000"
    },
    {
      "draw_num": "24135",
      "draw_date": "2024-11-20",
      "front_numbers": [
        6,
        8,
        22,
        24,
        30
      ],
      "back_numbers": [
        3,
        8
      ],
      "prize_pool": "908,783,183.33",
      "sales": "312,278,951",
      "first_prize_num": "11",
      "first_prize_amount": "7,341,497"
    },
    {
      "draw_num": "24134",
      "draw_date": "2024-11-18",
      "front_numbers": [
        1,
        4,
        7,
        13,
        33
      ],
      "back_numbers": [
        5,
        6
      ],
      "prize_pool": "961,163,598.85",
      "sales": "315,446,181",
      "first_prize_num": "4",
      "first_prize_amount": "10,000,000"
    },
    {
      "draw_num": "24133",
      "draw_date": "2024-11-16",
      "front_numbers": [
        8,
        10,
        14,
        22,
        29
      ],
      "back_numbers": [
        4,
        6
      ],
      "prize_pool": "939,926,813.87",
      "sales": "340,137,954",
      "first_prize_num": "6",
      "first_prize_amount": "10,000,000"
    },
    {
      "draw_num": "24132",
      "draw_date": "2024-11-13",
      "front_numbers": [
        5,
        6,
        10,
        16,
        31
      ],
      "back_numbers": [
        6,
        9
      ],
      "prize_pool": "940,646,991.55",
      "sales": "313,339,293",
      "first_prize_num": "6",
      "first_prize_amount": "9,953,712"
    },
    {
      "draw_num": "24131",
      "draw_date": "2024-11-11",
      "front_numbers": [
        2,
        3,
        4,
        21,
        26
      ],
      "back_numbers": [
        2,
        3
      ],
      "prize_pool": "955,783,254.75",
      "sales": "314,078,746",
      "first_prize_num": "10",
      "first_prize_amount": "8,892,360"
    },
    {
      "draw_num": "24130",
      "draw_date": "2024-11-09",
      "front_numbers": [
        11,
        21,
        25,
        31,
        32
      ],
      "back_numbers": [
        4,
        10
      ],
      "prize_pool": "986,242,258.80",
      "sales": "324,915,160",
      "first_prize_num": "6",
      "first_prize_amount": "10,000,000"
    },
    {
      "draw_num": "24129",
      "draw_date": "2024-11-06",
      "front_numbers": [
        7,
        19,
        30,
        31,
        34
      ],
      "back_numbers": [
        5,
        7
      ],
      "prize_pool": "998,345,494.65",
      "sales": "293,942,499",
      "first_prize_num": "3",
      "first_prize_amount": "10,000,000"
    },
    {
      "draw_num": "24128",
      "draw_date": "2024-11-04",
      "front_numbers": [
        3,
        7,
        10,
        29,
        31
      ],
      "back_numbers": [
        1,
        3
      ],
      "prize_pool": "966,301,155.53",
      "sales": "295,772,015",
      "first_prize_num": "2",
      "first_prize_amount": "10,000,000"
    },
    {
      "draw_num": "24127",
      "draw_date": "2024-11-02",
      "front_numbers": [
        2,
        3,
        10,
        16,
        28
      ],
      "back_numbers": [
        7,
        10
      ],
      "prize_pool": "924,642,774",
      "sales": "320,316,369",
      "first_prize_num": "4",
      "first_prize_amount": "10,000,000"
    },
    {
      "draw_num": "24126",
      "draw_date": "2024-10-30",
      "front_numbers": [
        2,
        10,
        17,
        28,
        34
      ],
      "back_numbers": [
        7,
        8
      ],
      "prize_pool": "905,005,034.37",
      "sales": "294,045,224",
      "first_prize_num": "5",
      "first_prize_amount": "10,000,000"
    },
    {
      "draw_num": "24125",
      "draw_date": "2024-10-28",
      "front_numbers": [
        10,
        14,
        19,
        24,
        26
      ],
      "back_numbers": [
        1,
        10
      ],
      "prize_pool": "892,379,302.56",
      "sales": "287,673,530",
      "first_prize_num": "3",
      "first_prize_amount": "10,000,000"
    },
    {
      "draw_num": "24124",
      "draw_date": "2024-10-26",
      "front_numbers": [
        2,
        3,
        7,
        10,
        25
      ],
      "back_numbers": [
        1,
        11
      ],
      "prize_pool": "858,545,810.99",
      "sales": "305,128,586",
      "first_prize_num": "5",
      "first_prize_amount": "10,000,000"
    },
    {
      "draw_num": "24123",
      "draw_date": "2024-10-23",
      "front_numbers": [
        3,
        9,
        16,
        30,
        31
      ],
      "back_numbers": [
        8,
        9
      ],
      "prize_pool": "852,251,926.42",
      "sales": "283,405,074",
      "first_prize_num": "7",
      "first_prize_amount": "9,140,228"
    },
    {
      "draw_num": "24122",
      "draw_date": "2024-10-21",
      "front_numbers": [
        5,
        6,
        9,
        15,
        17
      ],
      "back_numbers": [
        3,
        10
      ],
      "prize_pool": "873,167,406.47",
      "sales": "280,871,730",
      "first_prize_num": "2",
      "first_prize_amount": "10,000,000"
    },
    {
      "draw_num": "24121",
      "draw_date": "2024-10-19",
      "front_numbers": [
        7,
        15,
        18,
        24,
        33
      ],
      "back_numbers": [
        4,
        5
      ],
      "prize_pool": "853,826,236.46",
      "sales": "292,563,058",
      "first_prize_num": "12",
      "first_prize_amount": "7,033,857"
    },
    {
      "draw_num": "24120",
      "draw_date": "2024-10-16",
      "front_numbers": [
        4,
        12,
        17,
        23,
        27
      ],
      "back_numbers": [
        2,
        8
      ],
      "prize_pool": "921,780,534.30",
      "sales": "280,844,941",
      "first_prize_num": "7",
      "first_prize_amount": "9,594,830"
    },
    {
      "draw_num": "24119",
      "draw_date": "2024-10-14",
      "front_numbers": [
        6,
        12,
        28,
        30,
        33
      ],
      "back_numbers": [
        2,
        7
      ],
      "prize_pool": "940,710,313.19",
      "sales": "278,151,059",
      "first_prize_num": "7",
      "first_prize_amount": "9,881,541"
    },
    {
      "draw_num": "24118",
      "draw_date": "2024-10-12",
      "front_numbers": [
        1,
        3,
        9,
        16,
        19
      ],
      "back_numbers": [
        5,
        11
      ],
      "prize_pool": "958,387,739.50",
      "sales": "300,619,285",
      "first_prize_num": "15",
      "first_prize_amount": "6,673,506"
    },
    {
      "draw_num": "24117",
      "draw_date": "2024-10-09",
      "front_numbers": [
        2,
        10,
        22,
        26,
        28
      ],
      "back_numbers": [
        2,
        4
      ],
      "prize_pool": "1,025,830,819.20",
      "sales": "279,087,954",
      "first_prize_num": "4",
      "first_prize_amount": "9,706,493"
    },
    {
      "draw_num": "24116",
      "draw_date": "2024-10-07",
      "front_numbers": [
        1,
        3,
        6,
        16,
        25
      ],
      "back_numbers": [
        1,
        11
      ],
      "prize_pool": "1,040,962,747.71",
      "sales": "263,019,108",
      "first_prize_num": "1",
      "first_prize_amount": "10,000,000"
    },
    {
      "draw_num": "24115",
      "draw_date": "2024-10-05",
      "front_numbers": [
        3,
        4,
        12,
        19,
        24
      ],
      "back_numbers": [
        8,
        12
      ],
      "prize_pool": "988,785,696.73",
      "sales": "243,348,471",
      "first_prize_num": "8",
      "first_prize_amount": "7,465,766"
    },
    {
      "draw_num": "24114",
      "draw_date": "2024-09-30",
      "front_numbers": [
        12,
        27,
        30,
        34,
        35
      ],
      "back_numbers": [
        5,
        11
      ],
      "prize_pool": "1,038,006,419.91",
      "sales": "290,854,587",
      "first_prize_num": "3",
      "first_prize_amount": "10,000,000"
    },
    {
      "draw_num": "24113",
      "draw_date": "2024-09-28",
      "front_numbers": [
        16,
        18,
        25,
        26,
        33
      ],
      "back_numbers": [
        4,
        8
      ],
      "prize_pool": "1,008,302,191.46",
      "sales": "317,006,955",
      "first_prize_num": "5",
      "first_prize_amount": "10,000,000"
    },
    {
      "draw_num": "24112",
      "draw_date": "2024-09-25",
      "front_numbers": [
        5,
        15,
        24,
        31,
        34
      ],
      "back_numbers": [
        3,
        10
      ],
      "prize_pool": "1,014,832,820.56",
      "sales": "283,593,275",
      "first_prize_num": "1",
      "first_prize_amount": "10,000,000"
    },
    {
      "draw_num": "24111",
      "draw_date": "2024-09-23",
      "front_numbers": [
        3,
        9,
        19,
        27,
        30
      ],
      "back_numbers": [
        7,
        11
      ],
      "prize_pool": "966,755,237.55",
      "sales": "280,484,335",
      "first_prize_num": "15",
      "first_prize_amount": "6,071,953"
    },
    {
      "draw_num": "24110",
      "draw_date": "2024-09-21",
      "front_numbers": [
        1,
        7,
        8,
        18,
        28
      ],
      "back_numbers": [
        4,
        12
      ],
      "prize_pool": "1,060,908,945.59",
      "sales": "307,601,707",
      "first_prize_num": "2",
      "first_prize_amount": "10,000,000"
    },
    {
      "draw_num": "24109",
      "draw_date": "2024-09-18",
      "front_numbers": [
        12,
        23,
        26,
        27,
        28
      ],
      "back_numbers": [
        3,
        11
      ],
      "prize_pool": "1,040,316,851.57",
      "sales": "282,500,167",
      "first_prize_num": "3",
      "first_prize_amount": "10,000,000"
    },
    {
      "draw_num": "24108",
      "draw_date": "2024-09-16",
      "front_numbers": [
        16,
        17,
        21,
        31,
        34
      ],
      "back_numbers": [
        3,
        8
      ],
      "prize_pool": "1,012,698,647.94",
      "sales": "270,720,268",
      "first_prize_num": "7",
      "first_prize_amount": "9,949,930"
    },
    {
      "draw_num": "24107",
      "draw_date": "2024-09-14",
      "front_numbers": [
        6,
        14,
        16,
        18,
        34
      ],
      "back_numbers": [
        3,
        10
      ],
      "prize_pool": "1,030,077,351.37",
      "sales": "303,292,855",
      "first_prize_num": "4",
      "first_prize_amount": "10,000,000"
    },
    {
      "draw_num": "24106",
      "draw_date": "2024-09-11",
      "front_numbers": [
        5,
        11,
        19,
        22,
        29
      ],
      "back_numbers": [
        2,
        12
      ],
      "prize_pool": "1,014,306,626.79",
      "sales": "283,352,466",
      "first_prize_num": "9",
      "first_prize_amount": "7,381,712"
    },
    {
      "draw_num": "24105",
      "draw_date": "2024-09-09",
      "front_numbers": [
        14,
        20,
        21,
        28,
        32
      ],
      "back_numbers": [
        9,
        11
      ],
      "prize_pool": "1,064,900,748.85",
      "sales": "281,222,334",
      "first_prize_num": "2",
      "first_prize_amount": "10,000,000"
    },
    {
      "draw_num": "24104",
      "draw_date": "2024-09-07",
      "front_numbers": [
        1,
        4,
        9,
        13,
        17
      ],
      "back_numbers": [
        6,
        9
      ],
      "prize_pool": "1,026,470,045.30",
      "sales": "303,918,306",
      "first_prize_num": "3",
      "first_prize_amount": "10,000,000"
    },
    {
      "draw_num": "24103",
      "draw_date": "2024-09-04",
      "front_numbers": [
        19,
        21,
        29,
        32,
        33
      ],
      "back_numbers": [
        6,
        8
      ],
      "prize_pool": "1,003,149,772.05",
      "sales": "285,358,461",
      "first_prize_num": "5",
      "first_prize_amount": "10,000,000"
    },
    {
      "draw_num": "24102",
      "draw_date": "2024-09-02",
      "front_numbers": [
        1,
        5,
        9,
        14,
        20
      ],
      "back_numbers": [
        5,
        11
      ],
      "prize_pool": "991,319,514.56",
      "sales": "286,610,488",
      "first_prize_num": "2",
      "first_prize_amount": "10,000,000"
    },
    {
      "draw_num": "24101",
      "draw_date": "2024-08-31",
      "front_numbers": [
        16,
        19,
        22,
        27,
        35
      ],
      "back_numbers": [
        6,
        10
      ],
      "prize_pool": "960,205,928.05",
      "sales": "296,382,861",
      "first_prize_num": "0",
      "first_prize_amount": "---"
    },
    {
      "draw_num": "24100",
      "draw_date": "2024-08-28",
      "front_numbers": [
        2,
        12,
        19,
        22,
        32
      ],
      "back_numbers": [
        5,
        11
      ],
      "prize_pool": "894,146,459.08",
      "sales": "278,077,493",
      "first_prize_num": "6",
      "first_prize_amount": "9,951,022"
    },
    {
      "draw_num": "24099",
      "draw_date": "2024-08-26",
      "front_numbers": [
        4,
        10,
        24,
        31,
        35
      ],
      "back_numbers": [
        5,
        8
      ],
      "prize_pool": "911,074,907.44",
      "sales": "276,604,624",
      "first_prize_num": "4",
      "first_prize_amount": "10,000,000"
    },
    {
      "draw_num": "24098",
      "draw_date": "2024-08-24",
      "front_numbers": [
        3,
        10,
        15,
        19,
        29
      ],
      "back_numbers": [
        9,
        10
      ],
      "prize_pool": "904,522,393.45",
      "sales": "298,358,972",
      "first_prize_num": "6",
      "first_prize_amount": "9,380,836"
    },
    {
      "draw_num": "24097",
      "draw_date": "2024-08-21",
      "front_numbers": [
        7,
        11,
        12,
        14,
        19
      ],
      "back_numbers": [
        2,
        8
      ],
      "prize_pool": "925,914,937.69",
      "sales": "275,862,263",
      "first_prize_num": "5",
      "first_prize_amount": "10,000,000"
    },
    {
      "draw_num": "24096",
      "draw_date": "2024-08-19",
      "front_numbers": [
        2,
        3,
        23,
        27,
        31
      ],
      "back_numbers": [
        1,
        10
      ],
      "prize_pool": "928,765,334.97",
      "sales": "274,611,467",
      "first_prize_num": "5",
      "first_prize_amount": "10,000,000"
    },
    {
      "draw_num": "24095",
      "draw_date": "2024-08-17",
      "front_numbers": [
        1,
        7,
        19,
        26,
        27
      ],
      "back_numbers": [
        3,
        5
      ],
      "prize_pool": "942,654,791.88",
      "sales": "292,394,451",
      "first_prize_num": "3",
      "first_prize_amount": "10,000,000"
    },
    {
      "draw_num": "24094",
      "draw_date": "2024-08-14",
      "front_numbers": [
        12,
        13,
        24,
        29,
        31
      ],
      "back_numbers": [
        2,
        8
      ],
      "prize_pool": "921,004,006.21",
      "sales": "268,381,009",
      "first_prize_num": "6",
      "first_prize_amount": "10,000,000"
    }
  ]
}